2168 3720
148 223 204 278 116
343 219 562 280 ΡΒΟΡΕΒΤΠ
582 220 643 278 EL.
659 218 713 292 lv,
729 224 757 278 6.
773 223 803 278 4.

183 375 407 455 crystallusque
419 398 499 437 meas
511 381 596 437 ornet
608 396 717 455 aquosa
730 396 835 437 manus
845 376 860 437 1

144 475 249 535 Omnia
262 477 351 536 surda
362 481 472 550 tacent,
487 477 619 554 rarisque
633 477 755 536 abacta
766 477 904 536 kalendis

182 576 243 635 Vix
257 576 353 652 aperit
365 577 478 635 clausos
490 595 551 634 una
563 575 664 652 puella
676 575 775 635 Lares.

143 673 299 734 Glaucidos
307 678 338 734 et
348 675 462 733 catulae
471 694 532 732 vox
542 678 587 733 est
599 673 674 732 mihi
684 679 768 750 grata
776 676 930 753 querentis
943 699 950 736 ε
964 683 1002 735 55

184 775 244 832 Illa
256 774 303 832 tui
315 779 430 850 partem
443 773 574 832 vindieat
587 793 647 832 una
660 779 733 833 toro.

144 873 231 931 Flore
245 874 350 932 sacella
362 877 439 947 tego,
454 873 589 932 verbenis
603 875 729 949 compita
741 875 818 947 velo,

183 973 224 1030 Et
236 977 336 1048 crepat
349 973 386 1031 ad
398 977 511 1031 veteres
524 973 615 1031 herba
629 973 737 1031 Sabina
749 973 839 1033 focos.

143 1071 212 1131 Sive
224 1071 257 1129 in
269 1072 394 1130 finitimo
408 1072 521 1144 gemuit
535 1075 616 1131 stans
628 1076 736 1130 noctua
748 1072 842 1148 tigno,

185 1171 243 1229 Seu
256 1171 353 1229 voluit
365 1170 448 1245 tangi
460 1190 549 1246 parca
560 1170 682 1229 lucerna
695 1190 784 1244 mero,
963 1179 1001 1232 60

144 1270 203 1328 Illa
216 1270 278 1328 dies
291 1269 388 1329 hornis
402 1270 517 1328 caedem
531 1271 687 1330 denuntiat
700 1270 792 1345 agnis,

185 1369 393 1444 Succincts‘que
407 1369 504 1426 calent
517 1368 554 1427 ad
566 1388 643 1427 nova
653 1370 736 1427 lucra
748 1389 849 1446 popae.

143 1467 199 1538 Ne,
214 1487 324 1542 precor,
340 1466 466 1524 ascensis
479 1466 557 1525 tanti
571 1467 610 1525 sit
624 1467 717 1542 gloria
729 1467 852 1541 Bactris,

183 1567 317 1641 Raptave
331 1567 449 1625 odorato
463 1567 582 1623 carbasa
594 1565 657 1623 lina
669 1566 746 1638 duci,

143 1665 286 1723 Plumbea
299 1684 366 1722 cum
379 1667 474 1722 tortae
488 1667 666 1743 sparguntur
679 1666 807 1741 pondera
817 1665 936 1743 fundae
961 1672 998 1726 65

185 1763 331 1822 Subdolus
346 1766 376 1821 et
389 1761 481 1827 versis
493 1763 627 1840 increpat
640 1783 727 1843 arcus*
738 1765 831 1841 equis.

145 1863 211 1933 Sed,
227 1866 280 1920 tua
293 1861 334 1920 eie
348 1861 464 1920 domitis
476 1861 603 1921 Parthae
615 1863 732 1922 telluris
744 1863 871 1923 alumnis

182 1962 261 2020 Pura
273 1960 484 2036 triumphantis
496 1961 582 2019 hasta
595 1966 736 2039 sequatur
749 1981 848 2039 equos,

144 2063 320 2136 Incorrupta
332 2059 389 2117 mei
404 2079 542 2118 conserva
554 2060 671 2119 foedera
684 2062 763 2122 lecti.

183 2161 249 2218 Hac
263 2179 316 2234 ego
329 2165 360 2218 te
374 2161 435 2217 sola
448 2160 513 2234 lege
527 2161 634 2219 redisse
648 2161 746 2220 velim.
959 2162 997 2221 70

143 2261 293 2336 Armaque
307 2279 372 2317 curn
386 2260 481 2317 tulero
494 2264 595 2335 portae
608 2260 708 2319 votiva
721 2260 861 2335 Capenae,

187 2358 390 2417 subscribam:
416 2364 435 2391 “
447 2359 534 2417 Salvo
549 2363 633 2433 grata
645 2359 746 2434 puella
759 2359 854 2418 viro.'’

552 2556 593 2595 IV.

145 2653 300 2730 Tarpeium
314 2673 416 2712 nemus
430 2658 460 2713 et
473 2654 613 2731 Tarpeiae
626 2658 713 2731 turpe
727 2655 894 2731 sepulcrum

184 2753 279 2811 Faber
293 2758 323 2811 et
336 2753 453 2829 antiqui
466 2753 570 2812 limina
582 2756 667 2829 capta
680 2753 770 2813 Iovis.

144 2852 242 2910 Lucus
256 2855 319 2909 erat
331 2851 405 2909 felix
418 2851 557 2909 hederoso
571 2851 699 2911 concitus
713 2855 807 2926 antro,

183 2950 340 3026 Multaque
353 2949 462 3008 nativis
475 2950 617 3025 obstrepit
630 2952 715 3009 arbor
728 2951 832 3028 aquis:

146 3049 259 3108 Silvani
272 3068 384 3107 ramosa
397 3049 507 3118 domus,
524 3068 582 3124 quo
597 3049 692 3108 dulcis
705 3051 741 3109 ab
755 3056 838 3110 aestu
980 3059 998 3110 5

184 3147 301 3206 Fistula
313 3152 432 3223 poturas
445 3146 487 3205 ire
501 3148 622 3207 iubebat
636 3169 713 3208 oves.

143 3248 233 3312 Hune
247 3247 350 3305 Tatius
363 3245 475 3304 iontem
489 3246 568 3304 vallo
581 3248 747 3324 praecingit
760 3268 874 3322 acerno,

182 3346 313 3423 Fidaque
328 3348 466 3420 suggesta
479 3348 573 3404 castra
587 3350 704 3407 coronat
717 3348 816 3406 humo.
