2168 3720
449 209 573 270 LIBER
592 212 637 270 ΙΙ.
911 211 966 270 xix

109 367 211 427 <licere
230 369 316 439 velle,
339 368 492 428 Nestorem
514 369 631 428 felicius
653 369 686 428 in
705 370 782 429 bello
801 370 966 447 periturum

109 466 214 539 fuisse,
231 487 320 544 quam
333 468 420 544 longo
434 473 465 527 et
483 469 588 528 misero
602 489 673 529 aevo
686 469 718 527 in
730 489 801 546 paee
814 471 964 546 producto.

110 565 241 624 Bellicus
254 587 339 643 saepe
352 587 472 626 numero
486 570 564 644 apud
577 569 762 645 Propertium
775 568 910 627 occurrit.

156 669 203 724 13.
227 671 274 723 53.
296 667 348 742 qui
365 666 443 738 libri,
464 672 562 727 reete:
586 669 623 726 ot.
649 669 702 726 Or.
724 668 797 728 Her.
818 672 866 726 20.
891 672 964 725 101:

112 763 211 822 Testis
224 764 282 823 erit
292 765 449 842 Calydonis
462 785 539 842 aper.
573 768 621 825 cui
632 767 672 838 Η,
689 767 792 825 econi.
807 766 965 825 Husohkii.

156 867 204 920 13.
226 868 274 922 55.
297 864 413 921 iacuisse
433 863 471 937 N,
486 864 527 922 H.
569 864 666 923 lavisse
685 865 815 939 Scaliger
828 883 864 923 ex
877 865 968 923 Pern-

112 961 188 1033 sino‚
215 982 274 1038 quo
296 962 373 1020 nihil
394 963 492 1022 verius
512 983 651 1040 umquam
676 964 745 1037 fuit,
772 965 808 1022 ab
835 963 968 1022 omnibus

112 1060 186 1121 lieet
198 1063 367 1136 neglectum
380 1063 428 1122 sit.

158 1167 204 1219 13.
227 1167 274 1219 58.
296 1164 348 1239 qai
366 1163 396 1221 N
419 1163 577 1222 verissime.
622 1164 692 1240 qaid
713 1162 753 1235 H,
779 1162 878 1237 vulgo.
920 1162 970 1238 qai

113 1260 286 1337 (quomodo)
296 1280 409 1336 possam
423 1262 592 1321 sollemnem
605 1282 691 1320 usum
704 1263 839 1322 habebat.

158 1364 204 1417 14.
230 1365 276 1417 16.
299 1361 406 1419 condito
430 1361 468 1419 N.
520 1362 640 1419 conditio
667 1362 766 1435 vulgo.
821 1362 968 1418 Intaotam

113 1458 225 1534 reliqui
247 1459 400 1534 vulgatam
422 1461 595 1536 scripturam
617 1459 751 1537 quamvis
773 1458 806 1517 in
827 1458 968 1517 Perusino

112 1557 258 1616 mirabilis
285 1558 430 1634 corruptio
457 1559 576 1630 existat,
602 1560 722 1617 conditio
744 1560 861 1630 emeriti,
890 1558 968 1615 unde

113 1656 186 1714 olim
213 1657 323 1715 conieci
355 1658 465 1716 emerito
492 1659 583 1716 oirwrs'
611 1657 716 1717 collato
748 1657 800 1715 illo
827 1657 968 1715 emeritam

112 1774 212 1831 royum
235 1760 263 1815 4.
290 1760 336 1814 11.
362 1757 409 1815 72.
450 1757 621 1816 Notandum
644 1759 697 1830 est,
726 1756 756 1814 N
778 1756 886 1814 condito
909 1773 969 1812 non

115 1855 246 1927 conditio,
268 1856 376 1914 nedum
397 1857 517 1914 ooado‘oo'o
538 1856 685 1966 exhibere.
727 1853 813 1918 Quod
832 1853 857 1912 si
874 1853 906 1910 in
923 1872 969 1911 ar-

561 1936 571 1967 'l

115 1975 243 2050 ohetypo
256 1975 397 2050 seriptum
407 1978 484 2034 esset
494 1943 604 2034 alitilia
615 1975 704 2034 cineri
712 1973 780 2051 (sio)
790 1973 910 2049 (condito
917 1990 970 2047 pro

115 2071 289 2146 glossemate
310 2073 347 2131 ad
366 2074 477 2132 emerito
497 2074 668 2150 adscripta)
689 2072 771 2133 rides
792 2071 871 2129 unde
890 2074 969 2128 utra·

115 2190 174 2247 que
187 2171 275 2229 lectio
289 2171 358 2230 o1iri
370 2172 510 2248 potuerit.
542 2173 656 2238 Quibus
668 2171 767 2249 siquis
778 2169 968 2240 adsentietur,

113 2269 228 2329 videbit
240 2275 356 2346 poetam
365 2275 465 2348 optare
478 2292 537 2331 non
551 2277 612 2331 tam
626 2292 689 2331 sero
699 2272 754 2331 sibi
766 2275 866 2351 notam
878 2269 970 2328 luisse

116 2368 284 2446 cynthiam.

158 2471 204 2527 14.
226 2472 275 2526 29.
296 2470 386 2528 veniet
399 2469 438 2528 N.
459 2471 553 2529 veniat
565 2471 608 2530 H.
674 2473 720 2530 14.
737 2472 784 2529 30.
800 2467 916 2526 honusta
929 2467 967 2525 N.

157 2570 204 2624 15.
227 2566 255 2626 7.
278 2567 360 2625 lassos
374 2567 412 2627 N.
692 2572 738 2626 15.
761 2572 788 2626 8.
810 2567 875 2625 lecte
888 2566 928 2624 N.

158 2660 273 2724 15.'16.
295 2668 384 2725 nudae
398 2666 436 2740 N,
448 2666 490 2726 H.
520 2666 771 2727 fortassenitidae.
812 2664 966 2724 cf.0v.F.

116 2768 144 2821 3.
160 2768 209 2823 44.

158 2867 204 2920 15.
228 2863 273 2921 17.
293 2864 608 2939 pertendam-robaria
616 2863 654 2937 N,
664 2865 706 2922 H.
727 2861 885 2922 oubweoN.
901 2880 969 2935 per-

116 2962 345 3023 tendes-rubore
358 2963 403 3022 ed.
424 2963 517 3021 forma
530 2963 636 3022 vitiosa
650 2962 759 3021 cubaria
772 2961 884 3036 fugata.
919 2960 970 3018 Ita

115 3065 184 3120 ante
197 3080 244 3120 me
257 3061 363 3120 Rivius
376 3063 412 3120 ad
426 3056 581 3121 Toullon.
594 3067 620 3120 1.
636 3067 662 3120 1.
675 3066 702 3135 6,
719 3060 798 3138 quod
810 3078 856 3118 me
870 3058 969 3118 docuit

114 3157 311 3219 Burmannus.
464 3148 467 3156 ’

157 3261 203 3315 15.
227 3260 274 3318 37.
297 3263 383 3318 teram
396 3259 435 3318 N.
679 3264 723 3318 15,
746 3259 793 3317 47.
816 3258 875 3317 Neo
889 3257 927 3315 N.

158 3361 204 3416 15.
227 3362 273 3415 53.
298 3357 348 3417 Sic
360 3377 488 3433 mgnum
501 3357 578 3417 nobis
591 3359 641 3436 qui
652 3358 692 3416 N.
