2168 3720
443 177 567 237 LIBER
587 177 653 236 III.
908 174 973 232 xliii

159 341 210 396 20.
233 340 280 396 21.
301 337 427 397 οίιιιιιιν
440 335 479 395 N.

159 440 209 494 20.
232 439 280 494 22.
301 435 390 511 rioilo
409 435 449 494 N.
488 434 633 512 aalma
642 432 741 507 vulgo.
782 429 912 491 οίοῑαιιᾱο
931 428 972 502 H,

113 553 189 595 cum
202 533 367 593 Perreiano.
1026 575 1029 581 .

159 638 209 692 20.
231 637 279 692 23.
300 652 354 691 noc
367 633 406 704 N,
421 633 463 692 H.
616 636 664 689 21.
688 635 715 690 3.
740 629 883 705 motandi
894 627 934 687 N.

159 737 209 791 21.
228 732 256 791 7.
273 732 382 791 amicit
400 732 440 790 N.
475 733 585 807 ceperit
602 729 641 789 N.
678 730 789 806 mqooit
802 728 837 801 G,
852 728 975 787 tortasse

114 831 238 904 rectius,
254 832 295 891 H.
493 896 495 902 ,

160 935 209 988 21.
232 935 259 989 8.
280 931 369 989 maha
381 929 459 990 libri.
499 930 602 988 amiota
615 927 754 1002 Scaliger.

163 1034 212 1087 21.
239 1033 284 1087 11.
310 1028 472 1105 acquorcN.

160 1131 210 1186 21.
231 1131 280 1187 21.
301 1126 413 1203 aufferre
439 1127 478 1198 N,
507 1126 586 1204 quod
611 1125 733 1184 retineo.
795 1121 904 1199 sufferte
929 1122 972 1193 H,

117 1226 220 1301 vulgo.
268 1232 418 1301 properae
448 1226 478 1284 N
504 1227 598 1304 (sic):
625 1243 780 1300 properare
811 1223 856 1281 ed.
891 1223 975 1296 podes

118 1343 174 1401 pro
187 1343 265 1384 nom.
281 1324 356 1399 sing.
370 1326 472 1397 habeo,
486 1324 602 1383 ἰαόοτοιιι
615 1341 634 1383 a
646 1323 770 1383 laborare
783 1322 867 1381 duco.
883 1320 974 1378 laboro

117 1427 220 1482 tamen
232 1421 356 1482 tortasse
368 1423 475 1482 verius

161 1524 209 1579 21.
231 1525 279 1578 23.
301 1540 342 1580 me
352 1521 482 1593 litoroN,
492 1521 534 1580 H.
557 1520 875 1580 mealc’alconortassc
885 1522 974 1579 recte.

160 1623 209 1679 21.
231 1625 280 1679 25.
295 1621 397 1679 studiis
410 1620 489 1680 libri.
510 1621 611 1679 stadici
629 1619 853 1690 Broukhusius3
874 1619 975 1693 spatiis

118 1719 207 1779 idem

161 1821 208 1876 21.
232 1822 279 1876 28.
300 1816 511 1895 ermamqoc,
527 1818 566 1890 N,
584 1817 617 1876 H
630 1818 729 1893 vulgo.
770 1816 926 1893 libaboque
938 1815 974 1875 L.

119 1915 293 1988 Muellerus,
322 1917 402 1994 quod
423 1917 527 1976 multis
547 1918 683 1994 placebit.
730 1916 850 1977 Guetobo
875 1922 976 1974 tamen

120 2015 207 2074 credo
220 2015 405 2091 Propertium
418 2015 566 2074 dicturum
578 2016 679 2075 tuisse.
714 2017 788 2075 docte
796 2015 834 2086 N,
845 2014 886 2085 H,
897 2014 976 2091 quod

121 2131 215 2189 quum
228 2117 296 2189 post
309 2114 383 2172 docte
395 2112 428 2171 in
446 2118 484 2171 26
505 2113 642 2185 offendat,
656 2133 711 2173 nec
723 2113 885 2173 Menandro
907 2131 975 2170 eon·

120 2209 231 2282 veniat,
256 2211 291 2270 L.
312 2212 476 2271 Muellerus
498 2232 558 2271 non
578 2212 684 2272 inscite
704 2211 737 2270 in
752 2213 819 2270 acite
837 2210 974 2269 mutavit.

121 2310 257 2370 Fortasse
275 2311 368 2386 magis
386 2311 526 2371 arridebit
543 2313 641 2370 mundo
659 2313 738 2390 quod
756 2312 825 2369 olim
842 2310 975 2369 excidere

121 2410 221 2486 potuit
241 2415 310 2469 onte
326 2411 488 2472 Menandre.
527 2413 658 2470 moadeca
670 2411 841 2487 Propertius
860 2411 976 2468 Μιαοιι-

123 2509 205 2567 dmm
218 2509 347 2585 appellat
361 2515 388 2568 4.
405 2515 433 2570 5.
449 2516 498 2571 43.

163 2610 212 2664 22.
234 2611 261 2665 3.
283 2607 443 2684 Deicdpmcc
452 2609 491 2667 N.
513 2609 626 2668 irruente
634 2609 673 2669 N.
701 2609 863 2667 Palmarem
873 2608 976 2684 Haup-

121 2705 160 2766 tii
181 2706 413 2766 emendationem
438 2708 535 2783 recepi
551 2727 566 2765 ο
583 2709 647 2780 cite,
670 2727 746 2785 quae
770 2708 795 2766 si
818 2727 877 2765 non
897 2727 974 2776 vera,

122 2825 193 2865 vera
206 2825 267 2865 esse
280 2806 377 2866 debet.
419 2806 464 2865 (lt.
478 2807 579 2882 Apoll.
594 2807 689 2865 Rhod.
708 2813 734 2865 1.
751 2809 837 2879 1117,
853 2825 934 2882 seqq.

164 2924 231 2983 ἔσκε
244 2924 276 2984 δέ
287 2949 316 2985 τι
330 2925 473 3002 στιβαρὸν
487 2928 598 2988 στύπος
614 2927 743 3003 ἀμπέλου
757 2925 896 3000 ἔντροφον
908 2923 964 3002 ὕλῃ

163 3023 274 3102 πρόχνυ
285 3023 466 3103 γεράνδρυον.
507 3026 540 3085 τὸ
553 3027 607 3103 μὲν
621 3025 741 3102 ἔκταμον
755 3024 833 3100 ὄφρα
844 3022 965 3082 πέλοιτο

164 3120 296 3198 δαίμονος
310 3122 418 3199 οΰρείης
432 3123 507 3200 ἱερὸν
518 3125 635 3200 βρέτας·
650 3123 730 3192 ἔξεσε
743 3121 874 3202 δ”Αργος

165 3220 310 3297 εὐκόσμως
324 3221 370 3279 καὶ
383 3221 418 3298 δή
430 3246 480 3299 μιν
494 3225 536 3281 ἐπ’
552 3223 696 3299 ὄκρυόεντι
710 3223 824 3300 κολωνῷ

166 3318 285 3396 mma,
362 3320 381 3359 ο
459 3320 479 3359 κ
555 3320 576 3359 κ

166 3419 286 3496 Μητέρα
298 3418 454 3497 Δινδυμίην
466 3418 664 3482 πολυπότνιαν
679 3420 884 3507 ἀγκαλέοντες.
