2168 3720
442 211 567 270 LIBER
586 211 650 271 111.
895 209 971 268 xxix

115 371 250 430 conferet
258 370 395 430 Ovidium
400 369 467 428 Am.
476 375 503 427 3.
511 376 538 430 9.
546 375 597 443 59;
608 369 743 429 Sitamen
751 389 767 428 e
775 367 974 444 nobisals'quid

114 471 174 530 nisi
187 488 294 528 nomen
308 473 338 528 et
351 471 454 528 umbra
466 470 575 543 Restat,
591 469 624 526 in
637 468 738 545 Elysia
745 468 823 526 valle
836 466 972 526 Tibullus

114 569 182 628 erit.
224 569 317 627 Nemo
330 568 363 626 in
381 571 444 627 arte
457 568 558 627 critica
575 567 632 626 tiro
648 567 718 625 adeo
734 567 815 625 rudis
830 566 885 625 erit
899 566 972 643 quin

114 668 216 727 videat
230 668 353 727 scribam
366 667 477 744 aliquid
488 687 541 744 pro
556 667 686 725 subiecto
707 665 898 742 accipientem
908 686 971 724 mu·

114 767 225 826 tevisse
238 766 400 826 resistimus
419 766 452 824 in
464 765 600 824 restabit:
614 765 663 823 vel
676 765 821 824 resteterit
841 765 920 841 quod
939 765 971 822 in

114 865 274 924 editionem
284 885 366 924 suam
376 866 531 924 secundam
541 865 761 923 Lachmaunum
771 863 912 940 recepisse
921 864 971 922 do-

113 963 236 1021 lendum
254 966 308 1024 est.
346 968 391 1022 34.
409 965 588 1040 &fiumina
601 964 640 1025 N.
677 969 723 1022 34.
741 968 788 1021 62.
803 963 916 1039 vispilio
930 963 968 1021 N.

155 1066 204 1119 34.
228 1067 275 1120 83.
297 1064 398 1121 animis
420 1063 458 1135 N,
482 1063 523 1121 H.
573 1064 654 1121 audis
675 1063 720 1121 ed.
776 1062 884 1120 Sensus
907 1066 969 1120 est:

115 1161 188 1232 Nee,
204 1164 240 1219 tu
253 1161 376 1236 Vergih',
388 1161 530 1220 minorem
538 1162 646 1220 famam
660 1161 743 1220 ducis
757 1180 795 1219 ex
812 1161 867 1233 his,
883 1160 970 1235 nugis

115 1259 264 1318 amatoriis
285 1261 346 1320 scil.
369 1281 456 1338 quam
478 1280 539 1336 ego.
581 1260 661 1319 Here
680 1260 712 1318 in
729 1265 776 1333 81,
793 1265 840 1331 85,
857 1261 904 1331 87,
921 1264 967 1333 89,

114 1358 234 1415 nullum
254 1359 346 1417 alium
366 1379 482 1418 sensum
504 1361 603 1419 habet.
644 1361 684 1418 In
707 1361 761 1418 hoe
788 1379 874 1418 versu
897 1362 969 1434 puto

115 1457 240 1515 scribam
267 1458 302 1515 de
329 1462 477 1518 structura
504 1461 673 1535 ἀποροῦντα,
701 1463 730 1518 et
757 1458 969 1517 desiderantem

114 1555 333 1614 substantivum
344 1557 380 1615 ad
394 1558 472 1634 quod
480 1557 603 1617 referret
611 1559 655 1616 tt
672 1548 832 1616 muterisss
848 1556 970 1616 sudisin

113 1655 226 1714 animis.
241 1656 294 1713 sim
304 1655 342 1727 N,
353 1657 380 1714 εἰ
392 1655 432 1714 Η.
455 1658 495 1714 sie
509 1657 553 1715 ed.
569 1659 715 1716 miserore
730 1677 844 1715 canorus
859 1676 913 1714 om.
927 1656 965 1713 N.

379 1813 504 1872 LIBER
523 1814 708 1874 TERTIUS.

156 1955 183 2009 l.
208 1955 253 2009 11.
276 1971 388 2011 murum
401 1953 440 2012 N.
494 1958 520 2012 1.
546 1957 590 2012 19.
614 1955 675 2012 dete
702 1959 789 2013 restro
817 1955 854 2027 N,
879 1959 967 2014 vestro

114 2051 180 2108 date
201 2049 242 2121 H,
267 2071 333 2109 cum
361 2051 426 2109 aliis
447 2053 528 2111 eodd.
572 2057 598 2111 1.
620 2058 668 2111 20.
689 2073 756 2112 onus
770 2053 808 2111 N.

157 2155 184 2209 l.
206 2154 254 2207 23.
275 2150 517 2209 Famae-uetustae
530 2151 569 2211 N.

158 2250 254 2307 1.27.
277 2248 389 2308 Idaeum
413 2250 554 2308 Simoenta
567 2251 605 2309 N.
648 2249 783 2309 cunabula
798 2251 888 2325 porse
909 2268 965 2308 om.

115 2347 153 2418 Ν,
178 2352 296 2407 servant
318 2349 427 2425 reliqui
448 2349 527 2408 libri.
577 2350 659 2409 Idaeo
679 2349 727 2408 suh
741 2355 830 2408 monte
843 2349 899 2421 ed.,
919 2350 968 2408 vel

115 2445 213 2503 Idaeos
235 2451 336 2504 montes
355 2448 430 2506 Ievis
457 2448 632 2507 incunabula.
690 2449 830 2507 Simoenta
849 2453 969 2525 propter

106 2544 232 2619 flumina
266 2545 299 2602 in
332 2550 370 2602 26
404 2547 547 2606 intulerat
576 2547 722 2607 librarius.
778 2548 822 2608 cf.
851 2548 966 2606 cuum.

115 2642 208 2718 Hym.
227 2643 291 2702 Iov.
308 2648 343 2701 6:
366 2645 419 2701 Ζεῦ
439 2669 475 2703 σε
492 2646 544 2722 μὲν
562 2645 701 2705 Ιδαίοισιν
725 2650 755 2705 ἐν
773 2646 871 2721 οὔρεσι
892 2645 968 2720 φασὶ

114 2739 260 2819 γένεσθαι.
322 2742 445 2803 Solitum
493 2744 692 2804 confusionem
734 2746 807 2804 Idae
846 2745 967 2803 Creteae

116 2842 147 2898 et
160 2838 302 2899 Troianae
322 2861 382 2900 non
399 2842 476 2902 vitat
488 2844 668 2920 Propertius.
709 2843 859 2918 Vergilius
878 2843 965 2918 Prop.

115 2957 209 3014 paene
229 2941 389 3016 expressit:
405 2941 480 3002 Aen.
497 2948 523 3001 3.
542 2947 616 3001 105:
639 2943 725 3002 Mons
745 2943 852 3001 Idaeus
871 2941 968 3000 ubist

116 3039 214 3113 gentis
234 3042 381 3099 cunabula
401 3047 525 3102 nostrae.
569 3044 614 3103 cf.
637 3044 696 3103 Cic.
719 3045 784 3103 stt.
801 3049 828 3101 2.
851 3046 909 3116 41;
931 3044 968 3102 ed

114 3143 229 3198 montes
242 3141 352 3215 patrios
366 3145 396 3200 et
409 3143 445 3200 ad
458 3144 636 3202 incunabula
654 3148 763 3202 nostra.
811 3143 887 3202 Iouis
908 3162 968 3200 eum

109 3237 193 3311 prole
208 3238 378 3299 Semnandro
396 3241 565 3318 Hauptius:
594 3243 643 3301 sed
663 3244 719 3301 hoe
743 3246 787 3302 est
809 3241 968 3301 rescribere

115 3355 176 3394 non
191 3339 344 3396 emendare
358 3338 554 3416 Propertium.
