2168 3720
297 201 514 261 ruoruuru
535 201 595 260 11.
610 202 637 274 1,
655 205 702 258 21.
718 205 766 258 22.
920 202 956 255 25

115 361 328 420 Siebeservebo
340 360 453 437 possint
467 361 593 435 gaudere
605 362 749 436 parentes,
941 361 957 412 5

148 461 230 518 Haeo
243 479 323 518 seror
335 462 400 520 aeta
413 459 474 518 tuis
488 459 595 518 sentiat
609 478 625 517 e
637 458 780 517 lacrimis:

114 559 228 619 Gallum
240 577 294 634 per
306 557 416 616 medios
430 561 563 634 ereptum
577 556 707 616 caeseris
721 575 803 616 enses

149 656 288 732 Effugere
300 656 416 730 ignotas
428 674 488 713 non
500 656 630 732 potuisse
642 674 755 726 manus,

114 756 150 814 ut
163 775 365 833 quaecumque
378 774 466 831 super
478 755 608 832 dispersa
619 754 766 813 invenerit
779 773 842 811 ossa

150 853 303 912 Montibus
315 853 456 926 Etruscis,
471 854 543 912 haec
557 853 629 912 sciat
642 872 703 912 esse
717 871 790 911 mee.
926 856 960 908 10

498 1049 574 1089 xxn.

114 1147 215 1214 Qualis
229 1151 260 1206 eb
272 1150 351 1207 unde
364 1168 465 1224 genus,
481 1149 533 1226 qui
546 1149 607 1208 sint
620 1148 701 1221 mibi,
717 1146 812 1219 Tulle,
828 1147 960 1217 Penates,

153 1248 277 1314 Quaeris
288 1268 341 1325 pro
354 1252 454 1308 nostre
466 1269 579 1326 semper
591 1248 727 1308 amicitie.

116 1349 146 1408 Si
159 1348 302 1407 Perusina
314 1348 372 1407 tibi
384 1348 496 1424 patriae
509 1352 579 1407 sunt
591 1351 661 1407 noba
674 1348 814 1425 sepulcre,

154 1447 260 1506 Italiae
273 1446 355 1506 duris
367 1447 472 1506 funere
483 1447 672 1524 temporibus,

116 1546 190 1604 Oum
202 1546 334 1604 Romane
348 1565 415 1604 suos
429 1545 491 1620 egit
503 1545 645 1604 discordie
658 1545 745 1617 eires,
946 1549 962 1600 5

156 1645 211 1704 Seu
222 1645 296 1703 mibi
308 1646 472 1723 praecipue,
488 1646 587 1722 pulvis
600 1646 733 1717 Etrusca,
749 1644 847 1702 dolor:

116 1743 162 1802 Tu
175 1743 304 1819 proieeta
316 1745 374 1804 mei
387 1765 522 1822 perpessa
536 1764 566 1803 ee
579 1746 708 1803 membre
720 1740 886 1820 propinqui,

156 1843 203 1901 Tu
215 1843 298 1902 nullo
310 1843 409 1903 miseri
422 1844 552 1919 eonbegie
565 1863 629 1902 ossa
642 1843 720 1902 solo:

117 1941 254 2001 Proxima
267 1943 415 2019 subposito
428 1942 598 2017 contingens
611 1941 732 2002 Umbria
745 1959 844 2016 eampo

156 2041 206 2101 Me
220 2043 331 2117 genuit,
346 2043 433 2103 terris
445 2042 554 2103 fertilis
567 2040 714 2101 uberibus.
929 2040 963 2092 10
