2168 3720
115 229 171 284 104
278 222 496 282 PROPERTII
516 221 576 281 EL.
597 221 660 295 111,
684 225 732 280 22.
747 226 797 281 23.

154 383 282 453 Famam,
297 382 399 453 Roma,
416 365 485 440 tuae
499 399 559 439 non
571 380 663 456 pudet
675 379 833 439 historiae:
927 384 963 437 20

113 480 189 538 Nam
203 482 347 557 quantum
358 477 436 538 ferro
449 481 567 538 tantum
579 479 689 555 pietate
703 481 839 555 potentes

153 579 287 638 Stemus:
309 577 445 637 victrices
457 580 602 654 temperat
613 576 658 636 ira
670 597 784 637 manue.

114 677 174 736 Hic
188 677 265 737 Anio
279 677 407 738 Tiburne
420 677 498 751 fluis,
515 677 683 736 Clitumnus
695 679 731 736 ab
744 677 856 736 Umbro

154 776 292 850 Tramite,
309 779 340 836 et
353 779 504 836 aeternum
516 776 645 835 Marcius
657 794 742 834 umor
754 795 836 852 opus,

112 875 298 953 Albanusque
310 876 392 934 lacus
405 874 475 934 socii
488 875 674 936 Nemorensis
686 881 714 934 ct
725 876 813 949 unda,
929 881 965 932 25

152 975 284 1052 Potaque
297 973 426 1032 Pollucis
440 974 560 1051 lympha
574 974 699 1033 salubria
712 993 797 1051 equo.

112 1072 156 1131 At
168 1092 224 1131 nou
238 1092 389 1149 squamoso
402 1072 544 1131 labuntur
557 1075 660 1132 ventre
674 1075 810 1146 cerastae,

153 1172 232 1231 Itala
244 1172 388 1248 portentis
400 1192 455 1231 nec
468 1171 539 1231 ituit
551 1173 631 1230 unda
643 1171 735 1244 novio,

113 1271 181 1329 Non
194 1270 243 1329 hic
256 1270 458 1330 Andromedae
471 1274 609 1330 resonant
621 1290 673 1347 pro
686 1272 780 1329 matre
793 1272 922 1342 catenae,

47 1420 57 1439 ,
152 1368 215 1428 Nec
228 1369 329 1428 tremis
342 1369 496 1442 Ausonias,
511 1370 628 1429 Phoebe
641 1370 752 1444 fugate,
768 1369 866 1445 dapes,
930 1374 965 1426 30

112 1467 174 1526 Nec
188 1467 325 1544 cuiquam
340 1469 474 1526 absentee
487 1471 621 1526 arserunt
634 1468 667 1525 in
680 1470 769 1544 caput
781 1467 866 1542 ignes

150 1564 286 1623 Exitium
299 1567 368 1624 nato
381 1570 474 1625 matre
487 1571 622 1626 movente
636 1586 697 1640 auo,

111 1662 243 1722 Penthea
254 1683 315 1722 non
329 1685 430 1724 saevae
444 1669 590 1724 venantur
602 1666 635 1724 in
648 1667 748 1724 arbore
762 1664 904 1738 Bacchae,

151 1760 213 1820 Nec
227 1762 315 1822 solvit
328 1764 445 1822 Danaas
458 1764 576 1823 subdita
589 1783 674 1824 cerva
687 1768 774 1837 rates,

113 1859 227 1919 Cornua
240 1880 294 1919 nec
310 1862 403 1922 valuit
416 1883 536 1922 curvare
549 1864 582 1921 in
594 1863 687 1940 pelice
700 1862 778 1921 Iuno
929 1867 964 1920 35

152 1958 216 2018 Aut
229 1958 334 2019 iaciem
346 1961 428 2039 turpi
441 1963 611 2021 dedecorare
625 1963 707 2034 bove,

111 2057 289 2117 Arbcrcasoe
303 2078 403 2118 cruces
417 2060 505 2134 Sinis,
522 2065 553 2120 et
565 2081 624 2119 non
637 2061 753 2138 hospita
767 2060 853 2120 Grais

152 2157 238 2230 Saxa,
255 2160 285 2216 et
299 2163 433 2218 curvatas
445 2160 478 2217 in
492 2180 544 2218 sua
556 2160 619 2219 iata
631 2161 737 2220 trabes.

112 2253 194 2313 Haec
207 2255 272 2327 tibi,
287 2256 382 2329 Tulle,
395 2277 508 2334 parens,
521 2260 592 2318 haec
607 2263 651 2318 est
664 2258 860 2335 pulcherrima
874 2258 963 2328 sedeo,

151 2353 210 2412 Hic
224 2355 280 2414 tibi
293 2375 345 2431 pro
360 2356 449 2431 digna
462 2362 549 2433 gente
562 2359 707 2435 petendus
719 2358 820 2429 honos,
929 2364 965 2414 40

113 2451 172 2510 Hic
185 2453 242 2512 tibi
255 2454 291 2512 ad
305 2454 455 2532 eloquium
468 2457 555 2530 cives,
570 2458 619 2516 hic
633 2457 729 2533 ampla
742 2459 884 2534 nepotum

153 2550 225 2626 Spes
240 2553 270 2610 et
283 2555 425 2614 venturae
439 2556 571 2631 coniugis
584 2558 670 2632 aptus
684 2574 787 2621 amor„

497 2752 586 2792 XXIII.

112 2846 190 2922 Ergo
204 2850 265 2907 tam
278 2849 379 2909 doctae
392 2851 476 2910 nobis
490 2852 601 2929 periere
613 2853 748 2925 tabellae,

152 2946 267 3024 Scripta
282 2947 388 3025 quibus
402 2951 513 3026 pariter
525 2955 571 3010 tot
583 2952 694 3029 periere
707 2953 792 3010 bona.

111 3042 175 3102 Has
189 3046 336 3121 quondam
348 3048 456 3106 nostris
469 3049 603 3109 manibus
617 3050 777 3110 detriverat
789 3069 869 3121 usus,

152 3144 212 3208 uui
225 3164 285 3204 non
299 3146 428 3221 signatas
441 3147 527 3207 iussit
540 3150 645 3209 habere
658 3151 755 3208 fidem.

111 3243 186 3302 Illae
199 3244 258 3302 iam
272 3245 334 3305 sine
347 3267 393 3306 me
406 3250 514 3307 norant
526 3248 640 3324 placare
654 3250 777 3325 puellae,
949 3253 965 3304 5

149 3342 189 3402 Et
202 3344 344 3419 quaedam
358 3345 419 3406 aine
433 3366 479 3407 me
493 3348 582 3409 verba
595 3347 703 3408 diserta
715 3349 809 3425 loqui.
