2168 3720
395 219 518 278 LIBER
537 220 582 278 ΙΙ.
852 221 915 279 xvii

101 385 130 439 2.
158 385 202 437 13.
225 381 309 438 ctiam
322 379 361 437 N.
611 383 639 437 3.
665 383 690 436 1.
712 378 819 437 uallum
834 379 873 437 N.

101 486 129 539 3.
153 484 200 537 22.
222 499 290 555 quoa
309 480 400 555 quiuis
423 478 461 535 N.
503 477 595 552 lycaeo
609 477 644 548 G,
666 497 683 536 e
703 479 798 553 glossa
811 479 915 554 lyricae

59 583 160 638 ortum
173 582 208 637 ut
221 598 268 635 me
279 597 402 652 gnarum
412 576 512 634 docuit
518 575 722 647 Baehrensius,
733 576 816 635 Misc.
830 577 913 650 erit,

59 701 90 756 p.
107 686 155 738 84.
197 680 373 754 carminaque
395 678 530 748 Ericusa,
553 677 723 750 Beroaldus,
747 678 788 749 H,
813 680 912 754 vulgo.

64 779 141 846 Quae
154 778 265 854 quaevis
274 777 329 848 ed,
339 778 429 836 verba
441 779 544 852 poetae
553 776 590 835 ad
599 778 763 854 superbiam
772 777 916 839 Corinnae

58 879 201 936 referens.

103 981 130 1034 3.
154 981 201 1033 24.
223 976 354 1033 Ardidcs
362 974 399 1045 N,
415 974 456 1054 H.
504 975 652 1046 Candidus,
664 976 742 1052 quod
757 981 801 1035 est
815 978 916 1052 vulga-

60 1079 137 1144 tum,
155 1068 283 1132 servavit
296 1071 470 1131 Macrobius.

104 1180 132 1232 3.
156 1181 203 1232 45.
225 1179 276 1232 act
288 1175 326 1245 N,
342 1178 458 1232 tacente
472 1172 588 1245 Hertz,
605 1174 657 1249 qui
671 1174 707 1232 aa
727 1175 810 1249 legit.

103 1281 132 1330 4.
156 1279 183 1330 8.
199 1293 254 1348 per
266 1273 370 1330 mdccc
384 1272 422 1329 N.

103 1378 130 1431 5.
154 1378 181 1430 4.
203 1372 295 1449 aquilo
306 1371 344 1430 N.
367 1372 626 1443 clioBmmannus,
639 1372 795 1434 verissime.
817 1374 920 1449 Longe

61 1473 146 1549 peior
159 1477 203 1532 est
216 1472 397 1531 Lachmanni
417 1472 583 1531 coniectura
603 1473 696 1549 aliquo
710 1475 789 1549 quod
805 1476 920 1551 recepit

62 1573 104 1642 H,
122 1576 153 1629 et
167 1572 292 1630 editores
306 1591 414 1630 omnes.

105 1677 132 1727 5.
156 1676 203 1730 21.
224 1677 308 1728 costes
321 1671 359 1741 N,
374 1676 472 1728 aarum
484 1672 582 1745 vulgo.
626 1678 652 1728 6.
678 1678 723 1731 11.
745 1674 815 1731 ledet
830 1675 869 1732 N.

105 1776 132 1827 6.
160 1775 204 1827 12.
227 1772 315 1828 cmc'ca
349 1770 386 1840 N,
407 1769 448 1827 H.
490 1772 592 1828 amicta
622 1771 665 1828 ed.
709 1773 817 1830 Sensus
850 1779 912 1832 est:

63 1889 111 1926 me
125 1869 214 1927 etiam
226 1869 318 1927 laedit
331 1889 418 1940 soror,
432 1869 519 1928 simul
533 1891 599 1928 cum
618 1891 676 1947 qua
690 1872 796 1930 amiota
810 1874 920 1932 dormit

64 1967 203 2044 Cynthia.
246 1967 290 2026 01.
307 1973 333 2024 3.
350 1973 397 2026 21.
414 1973 440 2025 8.
475 1969 518 2026 Et
530 1989 583 2044 pro
597 1971 680 2027 etiam
694 1991 779 2046 saepe
796 1980 921 2047 usurpat

64 2066 244 2141 Propertius.
614 2074 642 2126 6.
667 2074 711 2127 13.
735 2070 828 2128 ledam
841 2070 879 2129 N.

106 2164 133 2216 6.
157 2163 204 2215 20.
225 2159 293 2216 duro
313 2157 350 2228 N,
367 2159 408 2216 H.
448 2159 532 2216 derce
555 2159 685 2233 Scaliger
705 2180 743 2218 ex
764 2161 917 2219 Perusino.

64 2260 109 2318 Cf.
125 2261 216 2317 durus
230 2279 307 2334 aper,
323 2265 351 2316 2.
370 2264 414 2316 13.
431 2264 477 2316 54.

106 2365 133 2417 6.
157 2363 203 2415 32.
225 2359 326 2433 [arcia
344 2357 382 2428 N,
398 2358 438 2428 Η,
461 2359 539 2434 quod
558 2378 616 2416 non
637 2359 779 2434 intelligo.
828 2363 915 2438 Oraia

63 2457 261 2515 Ruhnkenius
275 2462 342 2515 ante
356 2458 400 2515 ed.
508 2463 535 2514 6.
559 2462 605 2514 35.
627 2458 693 2515 Non
707 2459 745 2516 N.
789 2480 863 2517 uuor
875 2461 916 2518 H.

105 2558 132 2613 7.
155 2561 183 2614 2.
204 2561 303 2614 stemus
316 2557 354 2613 N.
427 2613 431 2623 ,
652 2559 679 2617 7.
702 2564 729 2615 8.
752 2560 875 2617 moreN.

106 2659 133 2714 7.
158 2661 204 2714 11.
227 2655 304 2731 cybia
317 2656 355 2713 N.
402 2656 522 2732 Cynthia
535 2657 575 2714 H.

107 2756 134 2813 7.
160 2761 205 2814 15.
227 2757 387 2813 comitarent
395 2754 432 2812 N.
457 2757 612 2813 coreitarum
620 2758 668 2814 vel
678 2758 827 2815 comitarer
835 2757 915 2815 Itali.

106 2860 134 2911 8.
157 2859 184 2912 8.
206 2858 256 2911 cut
285 2854 373 2911 aiacis
401 2854 439 2925 N,
461 2855 502 2911 H.
552 2859 582 2911 ct
610 2856 698 2912 ciuccs
729 2857 784 2925 ed,
820 2861 850 2913 et
881 2858 917 2913 ad

65 2973 183 3011 sensum
197 2957 227 3010 et
241 2953 277 3010 ad
290 2956 415 3009 metrum
429 2953 680 3010 accommodatius.

106 3058 134 3110 8.
157 3058 203 3111 10.
224 3056 357 3109 steterant
370 3051 408 3108 N.
518 3055 545 3108 8.
570 3055 615 3108 13.
638 3053 695 3109 c'cm
709 3052 746 3122 N,
765 3056 822 3109 tom
835 3052 875 3110 H.

105 3161 133 3213 8.
157 3160 205 3213 21.
226 3154 368 3228 Actaeone
381 3152 419 3222 N,
434 3152 590 3227 Antc‘qoucs
603 3152 644 3208 H.

109 3260 136 3310 8.
159 3258 207 3311 23.
228 3250 455 3325 miserccpuellae
464 3250 501 3322 N,
512 3250 553 3308 H.
583 3269 655 3307 corr.
669 3250 704 3306 R.
714 3250 753 3308 Y.
767 3250 918 3327 Tyrrellus

66 3353 98 3410 in
111 3351 320 3421 Hermathena,
336 3351 392 3409 vol.
409 3354 436 3407 2.
523 3354 550 3407 8.
574 3353 621 3407 26.
640 3334 721 3425 ferro
736 3350 823 3407 codem
838 3349 877 3407 N.
