2168 3720
115 223 151 275 30
329 215 744 289 ermemmarus.

152 375 222 450 Egit
236 378 272 433 ut
286 378 406 433 euantes
419 375 481 432 dux
494 374 623 432 Ariadna
636 375 745 445 ehoros,

113 476 153 534 Et
166 478 317 552 quantum,
333 474 435 532 Aeolio
449 494 515 532 oum
528 477 654 550 temptat
668 473 796 532 earmina
808 473 929 550 plectro,

152 573 210 632 Par
222 573 409 649 Aganippeae
422 574 523 632 ludere
537 574 621 632 (loeta
634 573 725 650 lyrae,
925 577 961 629 20

113 673 152 731 Et
165 692 218 730 sua
232 691 298 729 aum
311 671 449 749 antiquae
464 672 621 731 committit
634 672 742 748 scripta
755 671 908 742 Corinnae,

152 770 286 830 Carmina
300 791 374 848 quae
388 772 504 848 quaevis
518 791 577 829 non
590 774 676 848 putat
690 790 783 847 aequa
796 770 865 829 suis.

113 870 188 928 Num
201 869 257 929 tibi
269 869 401 928 nascenti
414 870 524 945 primis,
541 889 605 928 mea
617 871 688 941 vita,
703 870 806 929 diebus

157 968 301 1026 Candidus
314 971 450 1042 anguium
464 969 590 1027 sternuit
605 988 689 1027 omen
702 967 816 1026 Amor?

112 1067 194 1125 Haeo
207 1067 271 1125 toea
285 1066 473 1124 contulerunt
487 1067 622 1125 caelestia
634 1087 755 1126 munera
768 1067 838 1139 divi,
926 1072 959 1124 25

152 1166 234 1224 Haeo
247 1164 352 1224 tibine
366 1168 488 1222 matrem
500 1164 577 1223 forte
590 1166 702 1224 dedisse
715 1168 811 1241 putes.

113 1264 180 1322 Non
192 1283 252 1321 non
265 1262 387 1321 humani
399 1267 501 1339 partus
515 1267 585 1323 sunt
598 1264 670 1322 talia
683 1264 774 1322 dona:

152 1364 216 1421 Ista
229 1363 327 1420 dacem
339 1380 452 1420 menses
464 1381 523 1420 non
536 1382 672 1438 peperere
685 1365 769 1422 bona.

114 1459 213 1519 Gloria
226 1459 364 1517 Romanis
376 1479 435 1517 una
449 1479 479 1518 es
492 1463 527 1519 tu
540 1463 610 1519 nata
622 1461 746 1536 puellis:

152 1560 282 1618 Romana
296 1561 447 1618 accumbes
460 1559 554 1635 prima
566 1560 665 1636 puella
677 1558 753 1617 Iovi.
927 1565 961 1617 30

113 1658 142 1715 N
143 1677 175 1716 eo
189 1676 300 1733 semper
312 1657 463 1717 nobiseum
475 1659 602 1717 humana
616 1658 724 1717 cubilia
736 1658 830 1716 vises:

152 1756 222 1814 Post
235 1756 382 1815 Helenam
394 1757 465 1832 haee
479 1757 566 1816 terris
578 1757 672 1815 forma
685 1758 811 1815 secunda
823 1757 909 1815 redit.
925 1780 928 1786 ·

113 1855 179 1913 Hae
194 1875 246 1930 ego
259 1875 338 1913 nune
351 1855 439 1913 mirer
452 1856 477 1913 si
489 1856 595 1931 flagret
607 1860 707 1916 nostra
720 1856 881 1915 iuventus?

151 1953 306 2012 Pulchrius
319 1954 373 2011 hae
386 1953 491 2026 iuerat,
508 1954 602 2027 Troia,
618 1954 713 2030 perire
726 1954 790 2013 tibi.

112 2052 191 2111 Olim
203 2052 335 2127 mirabar,
351 2053 428 2129 quod
441 2052 518 2113 tanti
531 2053 568 2113 ad
581 2053 721 2128 Pergama
733 2053 805 2112 balli
926 2059 961 2110 35

151 2153 284 2229 Europae
298 2155 387 2230 atque
400 2152 487 2210 Asiae
502 2171 588 2211 eausa
600 2152 701 2228 puella
713 2151 789 2211 init:

111 2252 207 2323 Nune,
223 2251 299 2322 Pari,
315 2255 350 2311 tu
364 2251 477 2327 sapiens
491 2254 522 2309 et
534 2254 578 2324 tu,
595 2251 737 2323 Menelao,
753 2250 847 2323 fuisti,

151 2350 206 2423 Tu,
222 2349 291 2426 quia
303 2352 447 2425 poscebas,
463 2353 508 2420 tu,
524 2350 594 2426 quia
605 2350 705 2408 lentus
718 2369 789 2408 eras.

112 2447 209 2522 Digna
223 2448 341 2524 quidem
355 2448 453 2520 iacies,
469 2468 521 2524 pro
536 2468 594 2525 qua
607 2449 655 2506 vel
669 2448 762 2507 obiret
775 2448 926 2507 Achilles:

151 2547 208 2605 Vel
221 2546 335 2604 Priamo
350 2547 420 2605 belli
434 2567 519 2606 eausa
532 2547 679 2624 probanda
690 2546 760 2605 fuit.
924 2553 962 2604 40

115 2644 146 2703 si
160 2643 226 2720 quis
239 2644 306 2702 vult
318 2643 397 2702 fama
409 2646 525 2704 tabulas
538 2645 650 2704 anteire
663 2649 802 2718 vetustas,

152 2742 211 2801 Hie
224 2743 370 2801 dominam
383 2745 515 2820 exemplo
528 2748 617 2820 ponat
629 2744 661 2802 in
675 2748 738 2803 arte
751 2764 862 2803 meam:

114 2842 181 2901 Sive
193 2841 276 2900 illam
290 2841 441 2918 Hesperiis
455 2842 516 2900 sive
528 2843 610 2900 illam
624 2843 764 2901 ostendet
770 2843 847 2914 Eois,

151 2941 226 2999 Uret
239 2944 270 2999 et
282 2942 366 3012 Eoos,
382 2945 449 3000 uret
462 2944 493 2999 et
506 2941 672 3017 Hesperios.

113 3038 170 3097 His
178 3039 281 3098 saltem
289 3041 324 3098 ut
332 3042 432 3097 tenear
441 3037 499 3096 iam
506 3039 631 3098 finibus!
647 3043 699 3098 ant
708 3039 789 3111 mihi,
801 3039 825 3098 si
836 3040 910 3117 quis,
924 3045 960 3096 45

152 3136 257 3195 Acrius
271 3141 306 3196 ut
318 3137 433 3207 moriar,
448 3138 563 3196 venerit
576 3139 651 3196 alter
664 3138 759 3197 amor!

113 3236 157 3293 Aa
169 3235 262 3294 veluti
275 3235 368 3312 primo
382 3239 485 3294 taurus
498 3235 641 3294 detrectat
654 3240 758 3308 aratra,

152 3335 222 3393 Post
235 3333 317 3394 venit
330 3338 443 3394 assueto
457 3334 553 3393 mollis
566 3335 602 3394 ad
616 3355 685 3395 arva
697 3334 775 3410 iugo,
