2168 3720
315 205 532 264 PROPERTII
553 204 613 262 EL.
636 205 680 274 II,
704 209 730 272 2,
754 209 782 264 3.
935 211 972 262 29

118 366 216 424 Fulva
230 384 311 423 coma
324 368 369 424 est
382 364 544 443 longaeque
558 381 670 434 manus,
687 365 717 421 et
731 361 857 420 maxima
870 366 933 422 toto
954 369 971 419 5

159 463 294 539 Corpore,
310 466 341 545 et
355 462 466 520 incedit
477 462 527 520 vel
541 462 612 519 Iove
625 461 714 536 digna
727 481 815 531 soror,

117 565 183 622 Aut
197 582 263 621 cum
276 562 430 620 Dulichias
444 561 541 619 Pallas
556 560 701 637 spatiatur
715 561 751 618 ad
764 580 837 631 aras,

159 660 301 735 Gorgonis
315 659 483 735 anguiferae
496 663 600 736 pectus
614 663 715 736 operta
728 660 824 730 comis,

118 759 222 824 Qualis
236 763 266 818 et
279 759 477 830 Ischomache,
493 758 636 834 Lapithae
650 778 750 833 genus,
764 759 891 830 heroine,

159 857 312 916 Centauris
324 857 419 916 medio
433 861 517 932 grata
530 858 632 933 rapina
645 876 733 927 mero,
936 864 970 916 10

116 956 265 1014 Mercurio
283 955 389 1015 Ossaeis
402 956 498 1015 fertur
510 956 670 1014 Boebeidos
684 955 771 1014 undis

158 1055 332 1129 'Virgineum
344 1055 438 1132 primo
452 1054 636 1131 conposuisse
649 1054 737 1112 latus.

117 1154 220 1212 cedite
232 1155 299 1226 iam,
315 1155 408 1226 divae,
425 1173 498 1231 quas
511 1156 610 1230 pastor
622 1153 737 1211 viderat
751 1152 820 1210 olim

158 1254 254 1312 Idaeis
267 1254 383 1312 tunicas
397 1273 504 1330 ponere
518 1253 690 1340 verticibus.

116 1352 203 1410 Hanc
216 1352 330 1411 utinam
342 1351 447 1411 faciem
460 1351 536 1410 nolit
549 1355 662 1410 mutare
677 1354 819 1424 senectus,
936 1355 970 1408 15

157 1451 222 1511 Etsi
236 1451 378 1510 Cumaeae
391 1452 507 1510 saecula
519 1451 596 1509 vatis
610 1454 686 1524 aget.

519 1641 566 1679 111.

118 1754 177 1820 Qui
189 1755 302 1814 nullam
314 1754 371 1813 tibi
383 1753 498 1812 dicebas
515 1753 573 1812 iam
586 1772 669 1829 posse
682 1773 793 1826 nocere,

155 1853 305 1913 Haesisti:
328 1853 434 1912 cecidit
447 1851 568 1928 spiritus
581 1853 634 1910 ille
647 1856 726 1911 tuus.

116 1952 177 2010 Vix
189 1972 281 2011 unum
294 1955 385 2028 potes,
401 1950 517 2024 infelix,
532 1951 713 2029 requiescere
727 1972 863 2025 mensem,

154 2051 195 2110 Et
207 2050 302 2127 turpis
315 2051 351 2108 de
364 2053 395 2109 te
408 2050 468 2109 iam
481 2049 557 2109 liber
570 2051 644 2109 alter
658 2050 723 2108 erit.

117 2149 305 2220 Quaerebam,
322 2149 397 2207 sicea
410 2149 435 2207 si
447 2152 545 2224 posset
557 2149 645 2224 piscis
658 2149 767 2206 harena
949 2156 964 2207 5

154 2249 216 2309 Nec
230 2249 334 2309 solitus
346 2252 436 2324 ponto
449 2249 549 2308 vivere
562 2252 664 2307 torvus
677 2267 755 2323 aper,

115 2350 178 2408 Aut
191 2368 245 2424 ego
258 2349 283 2406 si
295 2367 409 2425 possem
423 2347 528 2406 studiis
541 2347 664 2420 vigilare
679 2345 804 2404 severis:

153 2448 306 2522 Differtur,
322 2466 481 2524 numquam
494 2446 611 2531 tollitur
623 2445 704 2504 ullus
717 2464 804 2503 amor.

113 2546 143 2605 N
144 2567 176 2605 eo
188 2567 235 2606 me
248 2550 309 2605 tam
321 2546 419 2620 iacies,
434 2543 567 2622 quamvis
581 2543 620 2602 sit
634 2543 763 2616 candida,
780 2545 867 2620 cepit,

153 2647 280 2705 —Lilia
291 2665 350 2704 non
363 2643 480 2703 domina
493 2629 554 2701 sint
567 2642 659 2716 magis
672 2643 738 2701 alba
751 2663 833 2702 mea:
926 2651 960 2702 10

113 2746 155 2804 Ut
167 2745 311 2805 Maeotica
323 2743 377 2803 nix
389 2743 479 2801 minio
494 2742 519 2800 si
531 2745 624 2800 certet
636 2741 756 2814 Hibero,

152 2844 251 2920 thue
263 2861 345 2909 rosae
357 2860 431 2918 puro
444 2840 519 2898 lacte
532 2842 638 2899 natant
649 2839 722 2898 folia
730 2874 779 2912 -,

112 2941 174 3000 Neo
187 2943 223 3000 de
236 2961 315 3001 more
329 2959 425 2999 comae
438 2958 490 3015 per
502 2937 580 2996 levia
593 2937 666 2996 oolla
679 2938 813 3010 fluentes,

151 3040 217 3099 Non
231 3040 317 3112 oculi,
333 3039 473 3114 geminae,
489 3036 584 3096 sidera
596 3039 704 3109 nostra,
719 3037 806 3107 faces,

111 3138 141 3197 N
142 3158 174 3197 ec
187 3138 212 3197 si
226 3158 284 3216 qua
297 3137 405 3196 Arabio
418 3136 499 3196 lucet
511 3137 651 3212 bombyce
664 3134 764 3210 puella
924 3143 957 3195 15

149 3272 190 3283 -
198 3238 266 3296 Non
279 3256 344 3296 snm
357 3237 393 3294 de
406 3234 499 3293 nihilo
512 3233 637 3292 blandus
650 3236 761 3292 amator
773 3252 826 3308 ego
837 3268 884 3307 -,

110 3337 260 3403 Quantum
274 3335 352 3414 quod
364 3333 458 3412 posito
471 3333 594 3392 formose
607 3332 696 3391 saltat
708 3332 821 3409 Iacobo,
