2168 3720
103 218 140 271 36
309 213 526 272 PROPERTII
547 213 607 271 EL.
629 213 673 284 ΙΙ,
698 217 725 271 8.
749 218 776 273 9.

140 371 205 429 Hoc
220 372 318 429 eodem
332 371 409 429 ferro
424 371 518 430 stillet
532 375 657 448 uterque
671 391 765 430 cruor.

103 471 242 535 Quamvis
254 472 312 530 ista
325 472 397 529 mihi
410 492 487 530 mors
500 475 545 530 est
557 471 712 529 inhonesta
725 470 846 529 futura:

141 571 221 629 Mors
234 570 389 629 inhonesta
402 570 529 647 quidem,
544 573 579 628 tu
592 569 714 628 moriere
727 573 837 628 tamen.

104 670 162 728 Ille
177 669 265 728 etiam
279 673 399 746 abrepta
412 670 545 728 desertus
560 669 682 744 coniuge
696 669 830 728 Achilles

142 768 259 826 Cessare
272 768 305 826 in
317 769 405 827 tectis
418 769 544 844 pertulit
558 788 637 826 arma
651 787 712 826 sua.
923 774 960 827 30

102 865 226 924 Viderat
239 867 291 925 ille
304 867 446 942 Phrygas,
462 865 570 924 fractos
583 866 614 924 in
627 865 714 924 litore
728 866 865 940 Achivos,

142 965 268 1023 Fervere
283 968 313 1023 et
326 965 475 1023 Hectorea
488 964 594 1023 Dorica
607 968 701 1024 castra
714 964 787 1037 face,

103 1064 226 1122 Viderat
238 1063 392 1122 informem
409 1064 504 1122 multa
514 1064 669 1123 Patroclon
681 1065 792 1122 harena

141 1162 312 1221 Porrectum
326 1166 355 1221 et
369 1181 483 1237 sparsas
498 1162 584 1220 caede
597 1162 691 1221 iacere
705 1182 809 1237 comas,

105 1261 210 1320 Omnia
222 1261 378 1319 formosam
390 1263 510 1336 propter
522 1260 655 1319 Briseida
668 1280 788 1336 passus:
922 1268 957 1320 35

139 1362 251 1420 Tantus
263 1361 295 1418 in
310 1363 408 1437 erepto
423 1360 517 1418 saevit
530 1379 626 1419 amore
640 1361 731 1419 dolor.

100 1462 143 1519 At
156 1466 311 1536 postquam
326 1479 389 1518 sera
403 1458 519 1535 captiva
533 1463 578 1518 est
591 1460 706 1518 reddita
718 1480 820 1536 poena,

140 1560 258 1618 Fortem
271 1560 344 1618 idem
356 1558 528 1618 Haemoniis
541 1559 670 1617 Hectora
682 1559 778 1618 traxit
791 1560 884 1637 equis.

102 1658 230 1717 Inferior
242 1659 336 1716 multo
352 1679 417 1717 eum
432 1658 486 1716 sim
499 1658 548 1717 vel
561 1662 655 1716 matre
667 1659 715 1717 vel
729 1657 825 1731 armis,

142 1758 260 1830 Mirum,
278 1757 303 1815 si
317 1759 352 1816 de
366 1778 412 1816 me
425 1757 489 1816 iure
504 1757 668 1833 triumphat
682 1757 794 1816 Amor?
920 1763 957 1816 40

511 1954 553 1993 1x.

104 2055 166 2113 Iste
181 2054 258 2131 quod
272 2057 324 2124 est,
342 2074 394 2128 ego
410 2074 493 2130 saepe
506 2054 570 2113 fui:
595 2055 645 2113 sed
657 2054 717 2112 fors
731 2057 761 2113 et
774 2053 807 2112 in
820 2056 893 2113 hora

142 2151 208 2209 Hoc
221 2150 285 2226 ipso
299 2151 392 2208 eiecto
407 2149 498 2208 carior
511 2150 586 2208 alter
600 2150 664 2208 erit.

103 2249 250 2324 Penelope
263 2251 378 2324 poterat
391 2247 436 2307 bis
449 2248 539 2306 denos
553 2249 634 2307 salva
646 2267 698 2324 per
711 2267 801 2307 annos

142 2348 259 2418 Vivere,
275 2350 337 2405 tam
350 2347 452 2405 multis
465 2347 576 2406 femina
589 2348 679 2423 digna
691 2347 805 2423 procis:

106 2445 281 2519 Coniugium
294 2445 369 2502 falsa
382 2448 499 2520 poterat
512 2446 629 2505 differre
643 2447 785 2520 Minerva,
941 2454 958 2504 5

144 2544 295 2603 Nocturno
311 2544 426 2600 solvens
439 2547 524 2602 texta
538 2544 643 2603 diurna
656 2546 720 2604 dolo
733 2566 740 2605 z

106 2643 213 2702 Visura
227 2644 257 2700 et
271 2641 404 2716 quamvis
418 2662 579 2720 numquam
593 2648 722 2720 speraret
735 2645 855 2717 Ulixen,

142 2742 235 2800 Illum
249 2741 430 2815 expectando
443 2740 522 2800 facta
535 2742 675 2802 remansit
688 2762 770 2802 anus.

103 2842 132 2900 N
134 2862 165 2900 ec
178 2860 238 2898 non
252 2839 416 2899 exanimem
430 2842 606 2916 amplectens
619 2841 727 2900 Briseis
740 2842 887 2901 Achillem

144 2938 273 2998 Candida
285 2958 392 2997 vesana
405 2941 542 2998 verberat
555 2961 604 2998 ora
617 2961 714 3012 manu,
924 2946 960 2999 10

104 3041 144 3098 Et
158 3039 307 3097 dominum
321 3039 396 3097 lavit
409 3059 540 3098 maerens
554 3041 670 3116 captiva
683 3043 845 3113 cruentum,

143 3136 329 3213 Propositum
342 3138 442 3196 fluviis
455 3138 486 3196 in
501 3138 649 3199 Simoenta
662 3140 753 3211 vadis,

104 3236 303 3313 Fcodavitque
318 3256 422 3308 comas,
439 3240 468 3295 et
481 3237 559 3296 tanti
573 3258 677 3314 corpus
691 3240 802 3298 Achilli

143 3334 331 3410 Maximoque
345 3335 376 3394 in
389 3355 479 3412 parva
493 3337 612 3397 sustulit
626 3357 689 3396 ossa
703 3359 800 3411 manu,
