2168 3720
93 221 129 271 90
249 212 465 271 PROPERTII
486 212 546 269 ΕΒ.
568 213 630 282 ΙΙΙ,
657 216 702 277 11,
732 216 779 268 12.

92 372 209 429 Coclitis
224 371 361 428 abscissos
374 377 501 429 testatur
516 369 618 428 semita
631 373 742 444 pontes,
910 374 947 426 65

132 472 184 528 Est
198 472 245 528 cui
260 491 417 544 cognomen
431 490 534 528 corvus
547 470 653 527 habere
668 468 757 527 dedit.

93 571 174 627 Haec
189 571 230 627 di·
243 571 440 640 condiderant,
466 570 537 626 haee
558 569 588 625 di
609 587 726 644 quoque
744 567 861 624 moenia
882 588 943 625 ser·

171 674 242 726 vant
252 692 258 725 :

132 768 192 824 Vix
205 767 308 826 timeat
322 767 401 825 salvo
412 767 532 825 Caesare
546 767 639 824 Roma
653 768 763 826 Iovem.

92 867 254 924 Leucadius
267 886 364 923 versas
378 865 453 923 acies
466 865 637 924 memorabit
652 866 770 941 Apollo.

132 965 259 1023 Tantum
272 964 366 1039 operis
378 964 450 1022 belli
464 963 586 1022 sustulit
598 983 658 1022 una
672 964 744 1022 dies.
910 965 948 1023 70

92 1066 134 1121 At
147 1070 190 1136 tu,
207 1063 268 1122 sive
281 1066 362 1137 petes
376 1066 477 1138 portus
492 1082 551 1134 seu,
567 1062 676 1133 navita,
693 1063 820 1139 linques,

132 1164 260 1222 Caesaris
273 1163 304 1219 in
317 1168 380 1220 toto
394 1163 432 1220 sis
446 1183 556 1221 memor
571 1163 664 1220 Ionio.

484 1359 539 1399 XII.

92 1466 236 1534 Postume,
251 1465 414 1538 plorantem
427 1462 550 1538 potuisti
563 1462 696 1539 linquere
711 1462 837 1534 Gallam,
907 1497 911 1502 »

130 1565 216 1621 Miles
230 1567 261 1622 et
274 1564 403 1637 Augusti
416 1563 504 1620 fortia
518 1562 601 1637 signa
615 1561 722 1638 sequi?

91 1662 214 1719 Tantine
228 1662 290 1719 ulla
303 1660 363 1719 tuit
377 1661 492 1736 spoliati
506 1661 598 1734 gloria
612 1660 724 1731 Parthi,

131 1759 175 1818 Ne
188 1759 307 1830 faceres,
324 1759 409 1817 Galla
422 1760 516 1817 multa
528 1763 650 1833 rogante
664 1759 740 1818 tua?
934 1837 937 1841 1

92 1860 122 1917 Si
136 1859 180 1917 tas
194 1863 246 1930 est,
263 1879 361 1916 omncs
374 1859 484 1933 pariter
496 1859 622 1934 pereatis
636 1859 725 1930 avari,
928 1867 945 1918 5

130 1959 170 2016 Et
184 1958 316 2034 quisquis
329 1957 386 2015 fido
400 1957 541 2032 praetulit
555 1978 633 2015 arma
646 1963 709 2016 toro
721 1958 728 2016 l

90 2057 135 2114 Tu
148 2061 247 2115 tamen
260 2055 369 2114 intecta
382 2060 486 2127 tectus,
503 2076 617 2128 vesane,
633 2058 749 2115 lacerna

129 2157 246 2216 Potabis
260 2157 343 2230 galea
354 2156 448 2214 lessus
461 2157 569 2213 Araxis
583 2175 697 2232 aquam.

89 2257 148 2314 Illa
162 2256 279 2332 quidem
292 2255 404 2314 interea
415 2255 494 2312 tama
507 2256 636 2313 tabescet
649 2255 739 2326 inani,

129 2356 209 2413 Haec
223 2361 326 2414 tuane
339 2354 434 2412 virtus
447 2353 500 2410 fiat
514 2373 611 2411 amara
623 2354 688 2424 tibi,
822 2375 826 2383 ’
908 2361 944 2414 10

90 2456 170 2513 Neve
183 2459 237 2512 tua
250 2455 352 2511 Medae
365 2454 513 2510 laetentur
527 2453 612 2511 caede
627 2453 759 2528 sagittae,

129 2553 252 2610 Ferreus
266 2557 367 2609 aurato
381 2572 439 2609 neu
454 2552 656 2626 cataphractus
671 2572 755 2629 equo,

89 2654 170 2711 Neve
185 2651 296 2728 aliquid
309 2652 344 2708 de
357 2655 387 2708 te
397 2651 526 2708 fiendum
539 2651 684 2710 referatur
696 2652 728 2710 in
737 2672 819 2711 urna.

129 2753 176 2811 Sic
190 2754 319 2823 redeunt,
335 2750 395 2808 illis
410 2751 461 2826 qui
476 2751 604 2810 cecidere
617 2752 697 2810 locis.

90 2853 147 2909 Ter
160 2854 264 2927 quater
276 2851 308 2908 in
323 2855 402 2908 casta
413 2850 488 2907 felix
503 2870 519 2908 o
533 2851 670 2910 Postume
685 2851 779 2922 Galla,
905 2858 941 2910 15

129 2951 259 3008 Moribus
273 2950 319 3008 his
333 2949 390 3007 alia
403 2950 525 3024 coniuge
539 2951 644 3023 dignus
658 2933 740 3010 eras!

90 3051 167 3115 Quid
180 3050 270 3108 faciet
282 3050 365 3107 nullo
379 3048 492 3106 munita
505 3051 604 3125 puella
617 3050 729 3124 timore,

130 3153 187 3209 (luc¹
199 3153 237 3208 sis
251 3151 395 3221 luxuriae,
412 3153 513 3222 Roma,
530 3153 668 3225 magistra
682 3153 772 3211 tuac?

91 3253 147 3311 Sed
158 3272 274 3309 securus
289 3271 353 3308 eas:
377 3250 491 3309 Gallam
504 3271 563 3308 non
576 3272 698 3310 munera
710 3251 839 3322 vincent,

128 3349 321 3426 Duritiaeque
335 3354 403 3409 tuae
416 3369 474 3408 non
489 3350 545 3409 erit
558 3351 609 3408 illa
622 3371 740 3410 memor.
