2168 3720
257 225 474 285 PROPERTII
495 226 555 285 ΕΙ.
577 226 640 300 ΙΙΙ,
663 231 710 286 21.
726 232 774 287 22.
886 234 941 288 103

90 385 159 445 Illic
173 390 225 444 cut
238 383 343 444 studiis
357 383 486 442 animum
499 384 651 444 emendare
664 386 796 446 Platonis
902 393 940 446 25

129 483 274 560 Incipiam
287 485 340 542 aut
353 482 454 554 hortis,
471 483 554 542 docte
568 484 702 560 Epicure,
718 485 788 544 tuis.

90 584 253 659 Persequar
266 584 318 641 aut
331 581 461 640 studium
474 581 602 656 linguae,
616 583 820 643 Demosthenis
834 603 921 658 arma,

130 682 343 758 librorumque
356 683 432 752 tuos,
448 682 547 739 muodo
559 681 727 754 Menandre,
744 683 827 742 sales.

92 781 156 840 Aut
168 783 246 840 certe
258 779 377 839 tabulae
391 778 506 856 capient
518 799 583 838 mea
595 780 707 839 lumina
720 781 824 858 pictae,

132 879 201 938 Sive
214 880 299 937 ebore
313 879 432 936 exactae
447 897 498 936 seu
510 877 604 952 magis
617 898 682 938 aare
695 899 807 939 manus.
907 885 944 939 30

92 978 156 1037 Aut
169 977 263 1054 spatia
275 996 417 1036 annorum
431 978 483 1035 aut
495 976 583 1051 longa
595 976 753 1037 intervalla
765 978 904 1056 profundi

131 1075 281 1136 Lenibunt
293 1075 383 1136 tacito
396 1076 520 1135 vulnera
532 1079 633 1136 nostra
646 1075 721 1136 sinu.

95 1175 154 1236 Seu
165 1175 280 1248 moriar,
295 1175 367 1248 fato,
383 1195 443 1234 non
455 1175 537 1252 turpi
548 1174 661 1234 fractus
675 1195 771 1235 amore
782 1194 793 1236 :‘

133 1275 234 1353 Atque
247 1275 305 1334 erit
316 1275 370 1334 illa
381 1274 455 1334 mihi
467 1274 570 1334 mortis
582 1275 705 1334 honesta
717 1274 788 1334 dies.

483 1471 559 1512 xm.

95 1572 216 1648 Frigida
227 1576 289 1632 tam
302 1573 411 1633 multos
423 1573 537 1650 placuit
549 1573 605 1632 tibi
619 1573 744 1652 Cyzicus
757 1593 853 1647 annos,

135 1672 230 1744 Tulle,
246 1672 439 1747 Propontiaca
452 1691 511 1748 qua
523 1671 592 1731 fluit
605 1673 734 1730 Isthmos
748 1691 833 1750 aqua,

41 1792 45 1801 ·
96 1771 253 1848 Dindymis
266 1775 297 1831 et
310 1791 391 1830 sacra
402 1770 544 1830 fabricata
556 1791 570 1829 c
582 1772 642 1830 vato
656 1771 793 1849 Cybebe„

136 1870 330 1948 Raptcrisque
343 1870 417 1929 tulit
430 1890 489 1948 qua
502 1870 551 1930 via
563 1870 642 1929 Ditis
656 1870 770 1947 equos?

97 1969 130 2029 Si
141 1972 173 2028 te
184 1968 261 2028 forte
274 1969 378 2029 iuvact
389 1969 494 2028 Helles
507 1968 732 2028 Athamantidos
745 1969 840 2041 urbes,
931 1974 947 2025 5

136 2068 196 2129 Noc
208 2068 359 2141 desiderio,
375 2069 470 2141 Tulle,
486 2087 601 2127 movere
615 2087 689 2140 mec,

97 2165 143 2225 Tu
156 2166 227 2226 licet
240 2166 362 2243 aspicias
376 2166 488 2226 caelum
503 2185 586 2225 omna
600 2165 724 2224 Atlanta
737 2168 894 2240 gerentem,

138 2264 281 2342 Sectaque
294 2267 400 2325 Persea
412 2265 569 2324 Phorcidos
583 2284 632 2323 ora
644 2283 743 2337 manu,

98 2363 241 2442 Geryonis
254 2366 377 2438 stabula,
394 2367 424 2424 et
436 2365 602 2423 luctantum
615 2362 648 2421 in
660 2363 782 2439 pulvere
796 2362 879 2438 signa

137 2463 276 2523 Herculis
288 2464 464 2542 Antaeique,
480 2462 736 2540 Hesperidumque
749 2462 870 2521 choros:
915 2466 950 2520 10

99 2560 203 2639 Tuque
216 2565 268 2631 tuo
282 2563 423 2622 Colchum
436 2564 582 2640 propellas
595 2562 705 2637 remige
717 2561 845 2634 Phasim,
956 2628 958 2632 Α

138 2659 328 2738 Peliacaeque
340 2661 432 2721 trabis
444 2665 541 2720 totum
554 2661 611 2719 iter
623 2660 686 2737 ipse
700 2660 790 2735 legas,
857 2727 860 2732 ,

100 2757 165 2823 Qua
177 2758 259 2817 rudis
272 2760 369 2834 Argoa
382 2762 466 2818 natat
478 2759 557 2818 inter
571 2778 641 2816 saxa
655 2758 789 2816 columba

139 2859 178 2917 In
190 2856 295 2917 faciem
307 2878 409 2935 prorae
422 2858 510 2935 pinus
524 2857 625 2916 adacta
637 2866 749 2916 novat:

100 2957 141 3016 Et
154 2956 179 3015 si
193 2957 262 3034 quoi
273 2957 353 3032 rigui
364 2957 484 3018 visenda
497 2960 542 3016 cst
555 2976 606 3015 ora
619 2954 744 3032 Caystri,
918 2957 952 3010 15

139 3054 180 3113 Et
194 3074 266 3132 quae
280 3059 412 3132 septenas
425 3058 569 3133 temperat
582 3055 662 3114 unda
674 3052 746 3124 vias,

100 3153 205 3212 Omnia
217 3153 364 3213 Romanae
379 3155 483 3214 cedent
495 3155 636 3213 miracula
648 3154 761 3210 terrae:

139 3252 255 3311 Natura
266 3252 315 3312 hic
328 3253 435 3329 posuit,
452 3253 597 3331 quidquid
609 3247 802 3326 ubiquctuit.

100 3351 198 3410 Armis
211 3354 280 3429 apta
293 3352 386 3427 magis
398 3353 489 3412 tellus
503 3371 592 3430 quam
605 3346 753 3410 commoda
765 3365 870 3418 noxae,
