2168 3720
311 229 529 289 PROPERTII
549 228 609 289 EL.
632 229 686 301 IV,
710 228 736 286 7.
895 227 948 284 127

140 388 245 448 Sihilet
257 387 290 447 in
302 388 426 447 tumulis
439 391 470 446 et
483 407 570 464 super
582 407 645 445 ossa
658 388 754 444 cubet.

100 487 177 547 Nam
187 487 302 561 gemina
312 490 357 546 est
367 487 448 546 sedes
457 490 574 574 turpem
584 485 687 544 sortita
696 504 749 561 per
758 503 880 557 amnem,
913 488 949 542 55

139 586 295 662 Turbaque
308 585 422 644 diversa
435 584 559 659 remigat
571 583 664 642 omnis
677 603 762 660 aqua.

100 684 168 744 Una
181 683 407 760 Clytaemestrae
421 686 556 759 stuprum
568 683 641 742 rotis
654 682 747 741 altera
761 681 888 740 Cressam

139 786 243 845 Portet
255 785 406 844 mentitum
418 785 517 861 lignea
528 787 659 844 monstra
670 782 771 843 bovis:

100 884 175 943 Ecce
189 888 323 944 coronato
335 905 403 962 pars
416 886 508 944 altera
520 887 596 944 aecta
608 883 738 961 phaselo,

139 983 254 1042 Muleet
265 983 318 1042 ubi
331 982 447 1061 Elysias
461 1003 531 1042 aura
543 984 630 1041 beata
642 1001 730 1053 rosas,
913 984 950 1037 60

101 1082 167 1147 Qua
179 1101 333 1141 numerosa
345 1083 425 1155 fides,
442 1101 559 1159 quaque
573 1101 640 1139 aera
651 1079 781 1138 rutunda
794 1077 925 1156 Cybebes

140 1181 329 1259 Mitratisque
342 1185 447 1241 sonant
459 1181 554 1260 Lydia
565 1182 678 1257 plectra
691 1179 794 1250 choris,

101 1282 343 1361 Andromedeque
357 1286 388 1341 et
401 1282 613 1361 Hypermestre
627 1281 689 1340 sine
700 1280 804 1339 fraude
817 1279 937 1339 maritae

141 1379 446 1440 Narrant—historiae
460 1384 578 1457 pectora
590 1383 660 1438 nota
674 1399 782 1438 suae—

101 1479 184 1539 Haeo
197 1500 250 1538 sua
262 1480 401 1539 maternis
414 1479 549 1558 queritur
560 1479 652 1539 livere
665 1477 775 1536 catenis
913 1481 950 1534 65

141 1578 265 1637 Brachia
276 1597 331 1637 nec
342 1578 462 1638 meritas
473 1577 581 1653 frigida
594 1597 666 1636 saxa
678 1596 781 1635 manus
792 1597 800 1634 :

102 1677 211 1738 Narrat
222 1677 434 1756 Hypermestre
446 1697 586 1753 magnum
599 1696 683 1735 ausas
696 1694 758 1735 esse
771 1694 890 1748 sorores,

141 1776 180 1834 In
193 1777 288 1835 scelus
300 1778 356 1835 hoc
369 1776 498 1836 animum
507 1796 569 1835 'non
582 1774 709 1836 volmsse
722 1794 817 1834 suum.

103 1874 151 1934 Sic
164 1875 265 1935 mortis
277 1874 404 1934 lacrimis
416 1875 496 1935 vitae
509 1894 644 1933 sanamus
657 1893 784 1935 amores:

142 1974 210 2033 Celo
224 1993 277 2050 ego
289 1973 428 2051 perfidiae
442 1973 563 2032 crimina
575 1974 670 2032 multa
682 1975 760 2032 tuae.
914 1974 950 2030 70

103 2072 160 2131 seo
173 2073 229 2132 tibi
241 2092 320 2131 nunc
333 2073 470 2132 mandata
482 2073 592 2144 damus,
608 2071 633 2130 si
645 2071 721 2130 forte
733 2070 866 2143 moveris,

142 2170 174 2230 Si
186 2175 217 2231 te
229 2191 289 2230 non
301 2175 398 2232 totum
412 2171 562 2230 Chloridos
575 2171 665 2229 herba
677 2172 760 2228 tenet
772 2191 779 2228 :

102 2269 214 2329 Nutrix
226 2270 259 2329 111
271 2271 406 2330 tremulis
417 2289 456 2329 ne
470 2269 540 2348 quid
553 2268 697 2327 desideret
709 2267 793 2326 annis

141 2368 316 2434 Parthenio:
337 2369 445 2445 potuit,
460 2387 514 2426 nec
527 2366 584 2427 tibi
597 2385 683 2426 avara
695 2365 763 2424 iuit.

102 2467 290 2544 Deliciaeque
302 2487 383 2527 meae
397 2467 502 2542 Latris,
518 2466 566 2525 oui
578 2485 684 2524 nomen
697 2466 733 2524 ab
746 2484 803 2523 usu
816 2469 868 2537 est,
914 2468 949 2524 75

141 2565 186 2625 Ne
200 2566 350 2643 speculum
363 2567 496 2626 dominae
508 2566 639 2644 porrigat
650 2566 703 2624 illa
714 2585 817 2625 novae.

102 2664 143 2723 Et
156 2684 352 2743 quoscumque
365 2685 429 2725 meo
441 2664 539 2726 fecisti
550 2664 667 2723 nomine
679 2683 789 2737 versus,

141 2764 202 2824 Ure
214 2763 306 2822 mihi:
328 2764 430 2823 laudes
443 2765 542 2825 desine
554 2765 661 2823 habere
674 2783 760 2822 meas.

102 2863 184 2922 Pelle
197 2863 333 2921 hederam
345 2864 470 2936 tumulo,
479 2863 554 2922 mihi
566 2883 641 2941 quae
653 2867 804 2941 pugnante
818 2865 952 2942 corymbo

141 2961 246 3020 Mollia
258 2961 399 3021 contortis
411 2961 515 3038 alligat
528 2982 591 3022 ossa
604 2963 701 3022 comis.
915 2967 952 3020 80

104 3059 235 3120 Ramosis
249 3061 326 3120 Anio
339 3081 399 3140 qua
410 3061 535 3139 pomifer
546 3061 667 3122 incubat
680 3061 757 3122 arvis

142 3160 183 3218 Et
194 3178 355 3236 numquam
367 3160 514 3220 Herculeo
528 3160 648 3220 numine
660 3161 753 3236 pallet
766 3161 846 3233 111111,

103 3258 163 3317 Hic
176 3278 292 3318 carmen
304 3257 399 3318 media
410 3257 534 3333 dignum
545 3279 592 3319 me
606 3258 697 3319 scribe
711 3260 853 3328 columna,

144 3357 201 3418 Sed
213 3359 310 3431 breve,
326 3357 404 3434 quod
418 3376 536 3417 currens
548 3360 648 3418 vector
660 3359 695 3417 ab
708 3359 780 3417 urbe
793 3359 892 3433 legat:
