2168 3720
133 179 171 232 26
355 174 573 234 PROPERTII
594 174 653 232 ΕΒ.
669 173 713 243 ΙΙ,
733 175 759 229 1.

378 758 501 816 LIBER
529 755 745 818 SECUNDUS.

453 980 650 988 ————---—-—-

534 1129 555 1168 1.

139 1229 307 1300 Qornnms,
323 1227 401 1286 unde
414 1227 487 1286 mihi
501 1227 609 1286 totiens
624 1227 788 1300 scribuntur
801 1247 921 1301 amores,

177 1328 263 1387 Unde
276 1347 358 1386 mens
370 1326 469 1386 veniat
482 1327 579 1385 mollis
591 1327 623 1385 in
637 1347 686 1385 ore
699 1327 782 1387 liber.

139 1426 168 1484 N
169 1446 207 1484 on
219 1427 290 1485 hacc
305 1426 443 1502 Calliope,
459 1445 519 1484 non
531 1427 603 1484 haec
616 1425 689 1483 mihi
703 1429 801 1485 cantet
814 1427 921 1502 Apollo
935 1448 941 1484 ε

179 1525 336 1599 Ingenium
349 1524 433 1583 nobis
446 1524 510 1600 ipsa
522 1525 622 1601 puella
634 1524 714 1583 iacit.

142 1623 210 1682 Sive
223 1623 306 1682 illum
320 1623 386 1683 Cois
398 1623 563 1699 fulgentem
575 1623 709 1683 incedere
721 1625 790 1696 cidi,
975 1631 991 1681 5

179 1723 245 1781 Hoc
257 1725 354 1781 totum
368 1742 383 1781 e
397 1722 455 1781 Coa
468 1724 549 1781 veste
565 1723 703 1782 volumen
717 1722 792 1782 erit:

142 1821 200 1880 Seu
213 1820 275 1881 vidi
288 1821 325 1880 ad
337 1821 463 1880 frontem
478 1840 590 1897 sparsos
603 1841 699 1880 errare
714 1821 842 1898 capillos,

182 1919 297 1979 Gaudet
309 1919 437 1979 laudatis
449 1920 493 1978 ire
507 1921 631 1996 superba
650 1919 754 1979 comis:

144 2017 212 2078 Sive
224 2018 308 2096 lyrae
321 2038 437 2078 carmen
450 2019 551 2094 digitis
563 2019 708 2096 percussit
721 2019 848 2094 eburnis,

182 2119 334 2192 Miramur,
356 2117 452 2177 facilis
465 2121 500 2177 ut
512 2121 627 2194 premat
639 2121 702 2177 erte
715 2138 835 2177 monus:
959 2121 995 2175 10

145 2220 204 2279 Seu
217 2238 283 2278 cum
296 2222 448 2294 poscentes
461 2237 594 2276 somnum
607 2217 736 2276 declinat
748 2217 862 2288 ocellos,

184 2317 309 2376 Invenio
323 2336 423 2376 causas
437 2316 518 2376 mille
532 2319 620 2392 poeta
632 2336 741 2375 novos:

146 2416 205 2475 Seu
217 2416 297 2474 nuda
310 2419 409 2492 erepto
423 2436 537 2475 mecum
546 2416 678 2475 luctetur
690 2415 807 2487 amictu,

185 2514 260 2572 Tum
273 2533 341 2572 vero
354 2515 456 2588 longas
470 2514 620 2573 condimus
629 2514 756 2573 Iliadas:

148 2612 206 2671 Seu
221 2611 365 2689 quidquid
376 2612 449 2671 iecit
462 2613 523 2672 sive
537 2615 582 2672 esi
595 2613 798 2690 quodcumque
810 2611 918 2682 locutu,
962 2613 998 2668 15

186 2711 317 2770 Maxima
330 2712 366 2770 de
378 2712 472 2770 nihilo
485 2713 617 2771 nascitur
629 2711 761 2770 historia.

148 2811 233 2877 Quod
245 2811 317 2869 mihi
331 2811 493 2884 sitantum,
509 2812 671 2885 Maecenas,
686 2811 749 2870 iata
762 2810 917 2881 dedissent,

187 2911 229 2970 [11
241 2930 353 2986 possem
366 2912 470 2969 heroas
483 2912 589 2970 ducere
602 2910 634 2969 in
648 2931 728 2969 orma
740 2929 852 2981 manus,

148 3010 178 3068 N
179 3029 216 3069 on
230 3029 283 3084 ego
297 3009 417 3068 Titanas
431 3029 572 3081 canerem,
586 3029 646 3068 non
660 3010 753 3068 Ossan
766 3009 891 3085 Olympo

188 3108 368 3184 Impositum,
383 3110 420 3167 ui
432 3107 505 3167 caeli
518 3108 620 3167 Pelion
634 3110 710 3167 essct
721 3108 788 3180 ider,
962 3111 1000 3164 20

149 3207 179 3266 N
179 3227 216 3266 on
229 3211 342 3266 veteres
356 3206 477 3280 Thebas,
493 3226 546 3265 nec
560 3207 701 3281 Pergama
714 3225 820 3266 nomen
832 3204 966 3277 Homeri,

189 3305 300 3365 Xerxis
314 3310 344 3366 61
356 3305 478 3383 imperio
491 3305 561 3367 bins
575 3306 666 3366 coisse
679 3306 762 3379 vada,
