2168 3720
97 236 153 290 124
304 228 731 299 raorxarrrm.1v,o.

95 389 238 464 Quodque
252 388 365 446 vehunt
377 408 479 463 prorae
493 388 649 447 Centauros
664 406 736 444 saxa
749 385 899 457 minantiS,

135 487 229 561 Tigna
243 505 313 544 cava
326 490 356 544 et
369 486 463 561 pictos
476 485 626 562 experiere
639 488 744 543 metus.
914 489 950 541 50

96 585 221 658 Frangit
234 587 264 642 et
277 585 389 643 attollit
403 585 480 642 vires
493 584 525 642 in
537 583 632 641 milite
648 602 753 655 causa;

136 683 219 748 Quae
231 682 290 741 nisi
302 682 381 740 iusta
393 684 502 757 subest,
517 680 632 740 excutit
646 700 727 738 arma
739 681 842 757 pudor.

97 783 225 857 Tempus
238 782 329 851 adest,
344 781 493 840 committe
505 785 600 839 rates:
624 800 677 854 ego
691 780 831 856 temporis
844 783 945 839 auctor

138 881 251 939 Ducam
263 880 410 954 laurigera
423 879 503 938 Iulia
516 884 610 938 rostra
622 879 743 938 manu.”

99 980 233 1051 Dixerat,
250 983 280 1038 et
292 980 446 1054 pharetrae
460 978 574 1054 pondus
588 977 732 1036 consumit
744 978 777 1035 in
790 998 892 1036 arcus:
919 983 954 1035 55

140 1079 278 1138 Proxima
291 1080 358 1154 post
371 1097 454 1135 arcus
469 1076 598 1135 Caesaris
611 1078 696 1135 hasta
708 1076 777 1135 tuit.
879 1058 881 1063 .

101 1177 203 1236 Vincit
216 1178 309 1235 Roma
321 1177 379 1234 fide
392 1175 503 1233 Phoebi
515 1197 521 1232 :
544 1175 596 1234 dat
607 1174 718 1233 femina
730 1195 856 1250 poenas:

143 1277 265 1353 Sceptra
278 1296 330 1351 per
343 1275 442 1334 Ionias
454 1275 549 1333 hocta
560 1276 711 1333 vehuntur
724 1295 825 1352 aquas.

103 1376 146 1434 At
158 1379 243 1452 pater
256 1375 350 1434 Idalio
364 1374 489 1432 miratur
502 1373 606 1432 Caesar
619 1375 655 1432 ab
669 1376 746 1431 astro
759 1395 766 1431 :

147 1482 166 1509 “
178 1476 250 1534 Sum
263 1476 335 1534 deus
349 1497 355 1532 :
379 1477 409 1532 et
422 1474 515 1532 nostri
528 1474 678 1548 sanguinis
690 1474 749 1533 ista
760 1473 864 1532 fides.’'
924 1479 960 1531 60

105 1574 296 1650 Prosequitur
310 1576 398 1633 cantu
412 1573 524 1647 Triton,
539 1592 697 1649 omnesque
710 1572 839 1631 marinae

146 1676 324 1733 Plauserunt
338 1674 413 1732 circa
425 1674 518 1732 libera
532 1674 615 1748 signa
628 1674 707 1734 deae.

108 1775 168 1832 Illa
179 1773 257 1850 petit
269 1774 373 1832 Nilum
386 1775 490 1850 cymba
501 1774 578 1831 male
591 1772 663 1831 nixa
675 1772 784 1847 fugaci,

147 1874 214 1932 Hoc
226 1893 327 1944 unum,
343 1873 421 1931 iusso
434 1893 494 1930 non
506 1871 647 1931 moritura
660 1871 716 1930 die.

108 1972 149 2030 Di
162 1971 285 2030 melius!
308 1975 436 2049 quantus
448 1970 555 2029 mulier
567 1970 645 2029 foret
657 1990 717 2028 una
730 1969 908 2046 triumphus,
926 1974 962 2026 65

149 2072 265 2130 Ductus
279 2074 341 2130 erat
353 2090 406 2146 per
419 2090 492 2146 quas
506 2073 574 2128 ante
588 2070 736 2144 Iugurtha
749 2069 811 2128 vias
824 2069 831 2127 l

110 2173 216 2231 Actius
229 2172 298 2231 hinc
311 2172 405 2230 traxit
417 2171 552 2229 Phoebus
566 2174 763 2242 monumenta,
780 2170 859 2247 quod
873 2170 936 2228 eius

151 2273 218 2330 Una
231 2272 328 2329 decem
342 2269 414 2328 vicit
427 2270 515 2328 missa
528 2269 637 2344 sagitta
649 2273 736 2328 rates.

112 2370 196 2428 Bella
210 2370 280 2428 satis
294 2369 404 2428 cecini:
428 2370 568 2427 citharam
582 2368 641 2426 iam
653 2368 748 2444 poscit
760 2368 869 2445 Apollo

152 2468 254 2526 Victor
267 2471 298 2526 et
311 2469 347 2526 ad
361 2468 489 2543 placidos
503 2467 588 2526 exuit
601 2487 680 2524 arma
694 2468 804 2525 choros.
930 2467 968 2524 70

114 2566 244 2625 Candida
257 2586 335 2624 nuno
348 2567 431 2624 molli
445 2569 569 2625 subeant
584 2566 717 2624 convivia
730 2566 805 2638 luco,

154 2665 378 2742 Blanditiaeque
391 2667 487 2725 fluant
495 2685 552 2743 'per
564 2686 629 2724 mea
643 2667 718 2724 colla
730 2685 820 2738 rosae,

114 2766 249 2844 Vinaque
262 2764 425 2823 fundantur
437 2766 545 2841 praelis
559 2765 631 2824 elisa
643 2765 787 2838 Falernis,

156 2862 270 2938 Terque
283 2859 363 2919 lavet
376 2864 490 2918 nostras
503 2861 582 2937 spica
596 2860 700 2920 Cilissa
713 2880 819 2920 comas.

116 2961 274 3034 Ingenium
286 2960 363 3035 potis
376 2960 474 3018 irritet
486 2961 573 3018 Musa
585 2959 699 3036 poetis:
933 2959 971 3018 75

155 3058 277 3129 Bacche,
295 3058 368 3116 soles
381 3058 497 3116 Phoebo
510 3058 619 3118 fertilis
632 3078 694 3117 esse
706 3061 769 3118 tuo.

117 3157 176 3215 Ille
189 3156 343 3232 paludosos
355 3160 495 3215 memoret
509 3157 617 3216 servire
632 3158 802 3229 Sicambros,

158 3255 302 3331 Cepheam
315 3255 364 3313 hio
378 3255 499 3313 Meroen
510 3255 652 3333 fuscaque
665 3275 756 3330 regna
769 3256 863 3325 canat,

118 3353 178 3412 Hic
191 3353 300 3411 referat
313 3373 375 3412 sero
390 3354 552 3413 confessum
565 3355 681 3414 foedere
695 3354 838 3412 Parthum
851 3373 859 3410 ι
