2168 3720
440 218 565 278 LIBER
585 221 648 279 III.
864 224 972 282 xxxvii

158 379 205 436 11.
228 380 276 436 58.
298 377 362 435 Om.
384 377 423 437 N.
464 377 497 435 P.
513 397 569 436 om.
580 379 676 438 Marto
689 381 768 458 quod
780 381 890 458 reliqui
903 382 973 440 libri

112 474 275 534 exhibent:
298 475 468 535 crediderim
477 495 578 535 vocem
590 477 669 536 inter
682 480 784 539 territa
796 485 828 539 et
839 482 930 543 minas
940 481 972 539 in

112 573 275 650 archetypo
283 573 429 634 defuisse:
446 574 570 634 fortasse
585 581 674 651 impe.
710 578 755 636 cf.
766 579 812 638 ad.
824 584 851 637 2.
863 584 910 640 22.
922 585 970 638 50.

160 675 206 729 11.
227 676 275 730 59.
298 677 354 731 oo..
367 673 433 732 Hoc
450 673 597 733 distichon
612 676 691 752 quod
703 676 736 735 in
756 678 837 737 codd.
852 685 918 754 post
933 684 971 737 68

114 769 252 846 sequitur
263 770 312 829 hic
322 771 392 847 poni
398 772 512 848 primus
525 772 612 833 iussit
620 774 810 836 Passeratius.
832 776 972 836 Ordinem

113 868 259 928 librorum
273 874 370 930 servat
382 871 423 930 H.
464 870 638 932 Monimeuto
651 877 821 950 corruptum
834 875 972 950 videtur;

114 967 187 1027 fort.
199 973 367 1028 6666666666.

161 1071 208 1124 ll.
230 1072 277 1125 60.
299 1068 349 1126 Ι66
361 1067 479 1126 Peleius
491 1071 579 1143 recte,
594 1071 726 1146 utputo,
741 1070 940 1148 interpunxit.

162 1169 207 1223 11.
229 1170 277 1223 64.
298 1166 345 1223 Aa
363 1166 465 1224 Decius
484 1167 566 1225 misso
582 1167 620 1240 N,
636 1168 678 1228 H.
719 1170 853 1227 Admisso
869 1170 971 1230 Decius

86 1309 89 1314 ·
118 1265 258 1340 Scaliger.
295 1266 343 1326 Sic
351 1267 405 1326 Ov.
420 1267 493 1327 Her.
512 1271 538 1325 1.
550 1272 597 1340 36,
608 1288 661 1344 pro
675 1289 745 1328 vera
758 1270 893 1344 lectione,
909 1271 969 1330 Hic

116 1365 198 1422 lacer
211 1365 348 1425 admissos
359 1367 467 1426 terruit
479 1367 593 1426 Hector
602 1387 701 1444 equos,
713 1367 782 1428 libri
792 1370 971 1447 antiquiores

116 1465 192 1522 dant
204 1465 362 1524 absurdum
375 1465 452 1524 illud
464 1465 555 1524 alacer
568 1467 673 1524 missos.

161 1567 207 1621 11.
229 1568 276 1621 66.
298 1563 392 1622 EtN.
434 1563 514 1622 Oorr.
529 1563 745 1624 Broukhusius.

161 1664 207 1718 11.
223 1647 277 1720 67.
299 1663 476 1722 condiderant
488 1663 567 1721 libri.
613 1664 658 1722 dii
669 1663 699 1722 N
713 1664 799 1723 etita
813 1684 925 1742 semper
938 1667 970 1724 ui

114 1760 214 1819 fallor.

160 1864 206 1918 12.
229 1860 256 1918 7.
278 1861 381 1919 iniecta
393 1859 433 1918 N.
569 1865 615 1920 12.
640 1867 686 1920 14.
710 1862 747 1921 Si
759 1864 927 1923 66666611.

161 1963 206 2016 12.
231 1963 276 2016 18.
303 1959 372 2017 Cam
389 1959 428 2017 a't
447 1958 525 2031 libri,
541 1960 582 2019 H.
624 1980 688 2018 6666
707 1961 789 2021 Itali.
831 1963 872 2021 Et
891 1966 969 2022 certe

117 2063 181 2115 6666
193 2057 226 2115 in
238 2077 303 2115 6666
315 2058 489 2115 mutandum
502 2061 556 2130 est,
573 2058 599 2117 si
611 2060 651 2117 sit
663 2060 803 2133 legamus.
837 2060 894 2118 Sed
903 2079 969 2119 cum

116 2155 288 2232 Propertius
297 2159 376 2215 amet
385 2157 507 2214 Romam
514 2156 608 2232 ipsam
618 2157 736 2235 adloqui
750 2158 885 2234 equidem
893 2160 969 2218 malo

116 2255 244 2314 retinere
258 2261 328 2328 iace,
344 2256 383 2313 sit
400 2255 432 2312 in
449 2256 497 2326 sis,
513 2274 573 2313 cam
585 2254 618 2313 in
631 2256 678 2318 coi
689 2260 812 2316 mutato.

160 2359 206 2413 12.
228 2360 275 2413 25.
296 2374 371 2413 moas
384 2355 423 2426 N,
438 2354 480 2412 H.
515 2374 588 2412 66666
602 2355 647 2413 cd.
674 2373 772 2413 maius
785 2355 966 2417 Ponteinins.

116 2453 193 2528 66466
202 2454 241 2526 Ν,
253 2454 294 2512 Η.
323 2452 598 2528 oaptaPonteinius.
626 2454 849 2530 fortasserapia.
871 2456 969 2516 Prima

117 2553 271 2628 syllabain
282 2559 366 2628 rapta
375 2556 411 2612 ab
420 2553 526 2613 ultima
535 2554 568 2612 in
575 2555 686 2613 lemaro
697 2554 820 2613 fortasse
833 2556 968 2630 absorpta

116 2651 224 2710 fuerat.
247 2651 284 2709 cf.
300 2652 354 2711 Od.
371 2657 399 2712 9.
414 2657 462 2710 40.
476 2651 563 2710 πόλιν
578 2651 699 2728 ἔπραθον
712 2651 809 2710 ὤλεσα
828 2651 967 2714 δάΰτοῦς.

117 2751 192 2808 Aen.
209 2754 237 2807 2.
254 2751 329 2810 374:
350 2751 471 2826 rapiunt
483 2751 602 2810 incensa
614 2751 773 2827 feruntque
786 2750 937 2824 Pergama.

160 2852 206 2908 12.
229 2853 276 2906 30.
299 2849 468 2908 Genuinum
478 2869 594 2908 versum
607 2849 737 2924 periisse,
749 2852 780 2908 et
793 2850 918 2923 glossam
932 2852 969 2909 ad

116 2966 216 3005 vocem
226 2947 383 3022 Lampeties
390 2947 525 3005 lacunam
534 2947 712 3022 supplevisse
722 2947 860 3023 suspicor.
891 2949 921 3007 N
922 2969 969 3008 am

117 3065 201 3104 nemo
215 3065 274 3104 non
287 3046 368 3106 videt
380 3047 460 3105 hunc
473 3065 589 3105 versum
602 3045 736 3122 ineptum
750 3049 781 3104 66
793 3065 910 3122 prorsus
922 3048 968 3107 in-

116 3147 239 3222 dignum
252 3147 404 3223 Propertio
418 3167 489 3207 6666.
517 3147 628 3206 Mirum
641 3146 714 3205 mihi
724 3147 842 3223 quidem
850 3146 969 3208 videtur

115 3250 232 3323 poetam
246 3267 355 3306 errores
368 3247 468 3306 Ulixis
481 3251 657 3319 narrantem,
674 3249 705 3304 et
717 3266 764 3305 res
773 3247 809 3304 ab
824 3266 857 3305 eo
872 3253 968 3322 gestas

116 3366 208 3422 paene
227 3366 326 3406 omnes
345 3346 539 3406 celebrantem
555 3364 644 3403 unam
663 3344 791 3404 maxime
808 3345 968 3406 notabilem

534 3443 555 3506 d
