2168 3720
106 178 144 234 ts
290 175 510 235 PROPERTII
529 175 590 234 EL.
611 175 675 248 ΠΙ,
698 180 727 234 5.

514 352 543 391 v.

104 431 188 490 Pacis
200 431 291 490 Amor
303 432 375 490 dens
388 435 442 504 est,
457 451 558 508 pacem
570 450 743 491 veneramur
755 436 889 492 amantes
903 455 910 493 :

145 530 232 590 Stant
245 530 318 588 mihi
330 550 397 589 cum
410 530 527 589 domina
539 531 651 607 praelia
664 531 738 589 dura
749 550 824 590 mea.

104 629 167 688 Neo
179 632 278 688 tamen
291 629 385 687 inviso
397 631 500 705 pectus
513 628 587 687 mihi
600 629 731 704 carpitur
744 649 824 704 auro,

144 727 207 786 Nec
218 727 295 787 bibit
308 748 325 787 e
338 747 451 803 gemma
464 727 556 786 divite
568 735 671 785 nostra
683 727 756 801 sitis,

104 827 167 886 sec
180 826 346 885 mmmffle
358 827 436 901 iugis
450 825 608 902 campania
620 825 740 902 pinguis
753 829 864 899 eatur,-
942 834 983 890 s,
1078 787 1084 810 '

144 925 215 998 Nec,
231 925 344 997 misera,
359 940 426 984 aera
438 944 509 1001 paro
523 925 613 997 clade,
630 924 779 997 Corintho,
794 928 858 985 tua.

106 1026 130 1084 0
144 1025 238 1102 prima
250 1025 358 1084 infelix
369 1024 494 1099 fingenti
506 1028 586 1083 terra
598 1025 790 1085 Prometheo!

145 1124 203 1184 Ille
216 1145 320 1201 parum
333 1128 419 1183 caute
432 1123 556 1200 pectoris
570 1123 632 1198 egIt
645 1143 737 1200 opus:

105 1223 231 1300 Corpora
243 1223 398 1300 disponens
410 1225 538 1281 mentem
550 1241 610 1281 non
622 1221 699 1281 vidit
710 1222 743 1280 in
755 1225 829 1283 arte.

144 1323 238 1382 Recta
251 1321 341 1380 animi
352 1322 479 1398 primum
492 1321 594 1380 debuit
607 1341 669 1381 esse
682 1321 739 1380 via.
922 1328 956 1382 10

105 1421 194 1480 Nunc
205 1421 294 1480 maris
306 1421 339 1478 in
351 1423 469 1480 tantum
481 1423 570 1479 vento
582 1419 734 1492 iactamur,
750 1424 781 1480 et
792 1421 909 1481 hostem

145 1519 328 1592 Quaerimus,
344 1523 433 1596 atque
446 1518 534 1577 armis
545 1519 691 1578 nectimus
704 1539 785 1578 arma
796 1539 883 1579 nova.

101 1620 191 1678 Haut
202 1618 280 1678 ullas
292 1618 421 1695 portabis
435 1637 503 1695 opes
515 1619 690 1678 Acherontis
702 1619 740 1678 ad
752 1619 856 1693 undas,

144 1718 250 1776 Nudus
263 1722 294 1776 at
305 1716 430 1789 interna,
446 1717 546 1790 stulte,
563 1719 668 1778 vehere
681 1720 754 1776 rate.

105 1817 208 1876 Victor
221 1836 287 1875 cum
299 1816 386 1875 victis
398 1816 509 1893 pariter
521 1816 692 1876 miscebitur
704 1816 836 1876 umbris:
920 1822 954 1876 15

145 1916 270 1975 Consule
283 1934 350 1974 cnm
363 1914 466 1987 Mario,
482 1919 566 1991 capte
579 1915 736 1990 Iugurtha,
752 1915 843 1975 sedes.

105 2016 207 2094 Lydus
219 2013 358 2074 Dulichio
371 2033 431 2072 non
443 2013 534 2072 distat
547 2014 669 2072 Croesus
684 2013 720 2072 ab
733 2013 793 2072 Iro.

146 2115 264 2194 Optima
276 2134 362 2187 mors,
377 2132 464 2190 parca
477 2132 552 2189 qnae
565 2113 649 2171 venit
662 2116 727 2171 acta
739 2112 797 2172 die.

105 2216 155 2275 Me
167 2214 251 2273 iuvat
262 2213 295 2272 in
307 2212 401 2291 prima
414 2212 537 2271 coluisse
550 2212 694 2271 Helicona
705 2213 836 2286 iuventa,

144 2314 354 2390 Musarumque
367 2310 462 2371 choris
474 2310 644 2387 inplicuisse
658 2332 779 2372 manus:
918 2319 955 2370 20

105 2413 155 2472 Me
167 2412 252 2471 iuvat
260 2415 296 2470 et
308 2412 403 2470 multo
414 2413 543 2469 mentem
555 2410 666 2470 vincire
679 2411 786 2489 Lyaeo,

145 2511 185 2569 Et
199 2513 287 2586 caput
299 2509 332 2568 in
344 2529 435 2568 verna
448 2528 561 2585 semper
574 2510 681 2569 habere
693 2529 768 2569 rosa.

106 2611 207 2687 Amne
219 2608 272 2668 ubi
283 2608 344 2667 iam
356 2608 500 2668 Venerem
514 2608 611 2682 gravis
623 2608 813 2686 interceperit
826 2613 916 2682 aetas,

146 2706 292 2786 sparserit
304 2710 334 2766 et
347 2707 446 2782 nigras
459 2708 526 2767 alba
539 2711 655 2766 senecta
668 2727 770 2782 comas,

107 2808 182 2866 Tum
194 2805 268 2866 mihi
280 2809 403 2865 naturae
416 2806 507 2865 libeat
519 2807 682 2882 perdiscere
695 2826 797 2879 mores,
919 2813 955 2865 25

146 2905 220 2971 Quis
232 2905 303 2963 deus
315 2904 391 2962 hano
404 2904 506 2963 mundi
518 2908 662 2981 temperet
674 2909 736 2964 arte
750 2906 876 2979 domum,

106 3004 173 3070 Qua
185 3004 267 3064 venit
280 3003 423 3075 exoriens,
439 3023 498 3080 qua
511 3004 617 3077 deficit,
634 3005 712 3064 unde
725 3004 832 3064 coactis

146 3103 289 3162 Cornibus
301 3101 333 3159 in
346 3101 467 3177 plenum
479 3105 629 3160 menstrua
641 3103 713 3161 luna
725 3102 812 3174 redit,

104 3204 189 3262 Unde
205 3203 266 3262 salo
280 3204 420 3278 superant
432 3200 523 3272 venti,
540 3200 612 3278 quid
624 3201 747 3259 flamine·
755 3204 853 3278 captet

144 3303 253 3373 Eurus,
269 3304 300 3360 et
311 3300 344 3358 in
356 3300 449 3358 nubes
461 3299 539 3357 unde
551 3304 690 3376 perennet
703 3319 788 3377 aqua,
920 3306 957 3357 30
