2168 3720
117 221 171 274 134
318 215 537 274 PROPERTII
553 214 617 285 ΒΕ.
640 213 693 287 IV,
719 217 765 272 10.

114 374 254 449 Tempore
268 392 327 450 quo
339 376 438 448 portas
452 372 613 431 Caeninum
626 372 756 431 Acronta
768 373 923 448 petentem

152 472 255 530 Victor
268 473 300 530 in
312 491 444 530 eversum
458 471 576 548 cuspide
588 470 691 529 fundis
705 490 824 547 equum.

112 572 210 629 Acron
222 571 389 629 Herculeus
402 569 531 629 Caenina
543 570 648 628 ductor
660 570 697 628 ab
711 589 785 642 arce,

152 670 253 741 Roma,
268 669 330 728 tuis
343 668 490 746 quondam
502 667 611 726 finibus
624 669 727 726 horror
741 671 813 727 erat.
932 674 969 728 10

112 767 171 826 Hic
186 767 279 844 spolia
292 787 330 826 ex
342 766 453 826 umeris
466 785 554 824 ausus
568 786 683 842 sperare
699 766 818 831 Quirini

151 867 220 941 Ipse
234 864 324 937 dedit,
340 865 391 924 sed
403 884 463 923 non
476 864 617 939 sanguine
632 864 708 924 sicca
720 885 783 925 suo.

112 965 203 1022 Hunc
216 964 298 1023 videt
310 966 379 1022 ante
392 982 477 1022 caves
494 963 652 1023 librantem
665 965 779 1041 spicula
791 968 890 1025 turres

152 1063 296 1134 Romulus
309 1065 340 1121 et
352 1062 429 1120 votis
442 1066 565 1138 occupat
578 1065 647 1122 ante
660 1064 743 1122 ratis.

114 1168 133 1193 “
143 1161 289 1238 Iuppiter,
298 1162 370 1219 haec
378 1160 464 1219 hodie
473 1160 530 1220 tibi
540 1161 662 1220 victima
670 1165 786 1222 corruet
796 1162 969 1222 Aaronem

52 1265 55 1268 ’
151 1261 298 1319 Voverat:
321 1263 351 1319 et
365 1259 491 1336 spolium
504 1254 615 1320 corruit
627 1260 680 1319 ille
694 1261 770 1320 lovi.

115 1358 203 1416 Urbis
216 1357 395 1435 virtutisque
408 1377 513 1434 parens
527 1359 569 1418 sic
581 1359 699 1418 vincere
713 1359 820 1433 suevit,

158 1457 216 1522 Qui
231 1457 304 1516 tulit
316 1477 335 1515 a
346 1476 433 1533 parco
446 1457 555 1533 frigida
567 1462 662 1518 eastra
674 1459 758 1518 Lare.

114 1558 198 1616 Idem
211 1577 300 1634 eques
313 1560 343 1617 et
357 1557 458 1631 irenis,
473 1557 551 1618 idem
564 1558 626 1618 luit
638 1562 725 1636 aptus
738 1559 853 1633 aratris,

154 1657 195 1714 Et
205 1657 289 1730 galea
300 1655 416 1715 hirsuta
429 1660 544 1733 compta
556 1657 660 1733 lupina
671 1657 751 1718 iuba.
931 1663 972 1717 20

114 1755 198 1813 Picta
210 1774 306 1832 neque
319 1755 440 1815 inducto
453 1755 588 1832 fulgebat
601 1776 702 1832 parma
714 1776 845 1834 pyropo:

153 1855 336 1913 Praebebant
349 1855 425 1914 eaesi
438 1856 536 1914 baltea
548 1855 631 1914 lenta
643 1857 743 1916 boves.
860 1891 864 1902 ι

114 1954 219 2011 Cossus
231 1958 263 2012 at
275 1953 442 2030 insequitur
454 1953 587 2013 Veientis
601 1955 688 2014 caede
702 1953 848 2028 Tolumni,

154 2052 278 2110 Vincere
291 2071 358 2111 cum
371 2052 459 2111 Veios
471 2071 553 2128 posse
566 2053 674 2112 laboris
688 2056 760 2125 erat,

114 2152 246 2209 Necdum
259 2151 339 2209 ultra
352 2150 480 2210 Tiberim
493 2151 565 2210 belli
579 2171 675 2224 sonus,
691 2153 798 2212 ultima
809 2153 918 2229 praeda
929 2159 968 2212 25

153 2251 333 2308 Nomentum
346 2253 377 2309 et
390 2253 491 2326 captae
504 2250 606 2326 iugera
619 2255 704 2311 terna
717 2253 817 2312 Corae.

117 2351 187 2407 Heu
200 2351 267 2409 Veii
280 2354 402 2423 veteres,
419 2354 450 2410 et
462 2371 515 2410 vos
527 2354 593 2410 tum
606 2372 697 2427 regna
709 2353 821 2432 fuistis,

152 2449 192 2506 Ilt
205 2453 301 2508 vestro
314 2449 409 2526 posita
422 2452 467 2509 est
479 2469 568 2508 aurea
582 2451 655 2510 sella
666 2451 748 2510 foro:

114 2547 201 2604 Nunc
214 2547 294 2606 intra
306 2567 404 2606 muros
416 2549 542 2625 pastoris
554 2550 662 2608 bucina
674 2549 751 2608 lenti

31 2714 37 2727 .
152 2646 266 2718 Cantat,
283 2649 313 2705 et
326 2646 358 2703 in
370 2647 476 2706 vestris
490 2649 604 2707 ossibus
618 2668 687 2707 arva
699 2652 826 2708 metunt.
931 2655 971 2708 30

113 2745 202 2803 Forte
216 2764 304 2820 super
316 2748 417 2820 portae
431 2746 493 2804 dux
507 2747 599 2805 Veius
613 2747 709 2806 astitit
723 2766 828 2819 arcem,

153 2842 396 2920 Colloquiumque
411 2863 464 2902 sua
476 2844 572 2904 fretus
585 2847 622 2904 ab
634 2846 707 2904 urbe
719 2846 810 2904 dedit.

114 2944 250 3021 Dumque
264 2944 339 3003 aries
352 2964 470 3002 murum
483 2964 573 3003 cornu
586 2947 723 3022 pulsabat
737 2947 841 3018 aheno,

151 3042 246 3101 Vinea
259 3061 318 3118 qua
332 3043 455 3102 ductum
466 3044 555 3119 longa
567 3047 687 3120 tegebat
701 3065 783 3122 opus,

116 3141 220 3199 Cossus
234 3141 293 3200 ait:
319 3146 337 3174 ‘⁸
347 3141 444 3201 Fortis
457 3143 564 3200 melius
576 3163 747 3204 concurrere
761 3145 893 3222 campo.’'
930 3151 972 3205 35

154 3241 216 3299 Nec
230 3260 310 3299 mora
322 3241 367 3313 fit,
382 3241 470 3318 plano
484 3241 563 3300 sistit
577 3252 702 3320 uterque
717 3245 847 3318 gradum.

115 3340 154 3397 Di
167 3338 266 3398 Latias
279 3339 380 3399 iuvere
392 3359 505 3414 manus,
523 3341 638 3423 desecta
652 3343 790 3402 Tolumni
