2168 3720
289 253 588 315 sacrararum.
611 255 665 327 Ν,
690 261 717 313 ⁵.
878 259 932 312 121

81 411 214 488 Supplex
226 410 279 470 ille
293 413 392 471 sedet:
415 412 512 488 posita
524 417 559 472 tu
574 413 667 472 scribe
681 413 819 472 cathedra

119 512 281 577 Quidlibet.
303 514 356 572 has
370 517 448 573 artes
463 515 488 572 si
500 518 589 590 pavet
603 514 664 585 ille,
676 517 769 572 tenes.
824 584 832 602 '

67 605 199 687 'Semper
211 613 286 671 habe
299 633 413 671 morsus
427 614 504 671 circa
517 617 570 671 tua
584 613 659 671 colla
672 616 814 683 recentes,

117 711 235 769 Litibus
248 711 369 770 alternis
380 732 452 788 quos
465 716 553 789 putet
567 732 628 770 esse
643 712 735 770 datos.
895 715 933 768 40

77 809 140 869 Neo
153 814 184 869 te
198 811 318 869 Medeae
331 812 479 871 delectent
491 815 598 888 probra
612 811 764 888 sequacis:

117 907 230 984 Nempe
243 909 315 968 tulit
327 909 430 983 fastus,
448 931 518 969 ausa
531 931 632 986 rogare
646 911 745 986 prior:

79 1005 136 1064 Sed
149 1007 247 1082 potius
260 1009 363 1066 mundi
377 1010 466 1067 Thais
479 1009 607 1085 pretiosa
619 1008 783 1079 Menandri,

118 1103 191 1162 (lum
204 1104 275 1164 ferit
289 1109 402 1165 astutos
415 1108 524 1166 comica
537 1109 660 1166 moecha·
671 1107 769 1165 Getas.

80 1203 118 1260 In
131 1223 225 1262 mores
238 1207 269 1263 te
283 1208 365 1264 verte
378 1206 454 1264 viri:
477 1207 501 1264 si
515 1207 629 1265 cantica
641 1207 741 1278 iactat,
897 1210 934 1262 45

118 1303 136 1360 I
150 1323 244 1362 comes
258 1308 288 1363 et
301 1325 385 1363 voces
400 1305 480 1364 ebria
492 1305 582 1380 iunge
595 1309 672 1364 tuas.

77 1403 191 1462 Ianitor
205 1405 241 1462 ad
255 1404 357 1462 dantes
370 1404 493 1478 vigilet:
516 1404 541 1462 si
553 1405 653 1480 pulset
666 1403 773 1476 inanis,

117 1502 229 1561 Surdus
241 1502 274 1560 in
288 1503 442 1561 obductam
456 1503 579 1562 somniet
592 1523 686 1580 usque
701 1523 803 1562 seram.

78 1602 140 1661 Nec
154 1602 210 1661 tibi
223 1602 377 1679 displiceat
390 1603 474 1660 miles
487 1622 547 1660 non
559 1602 657 1661 iactus
671 1601 770 1676 amori,

118 1701 218 1761 Nauta
231 1722 285 1760 nec
299 1703 402 1760 attrita
416 1702 441 1760 si
453 1701 531 1760 ferat
545 1721 608 1760 aera
621 1722 719 1772 manu,
896 1705 933 1759 50

78 1800 141 1858 Aut
156 1821 280 1876 quorum
293 1800 401 1858 titulus
414 1820 467 1876 per
480 1802 603 1859 barbara
617 1801 691 1858 colla
703 1799 851 1875 pependit,

118 1899 230 1958 cretati
244 1900 337 1958 medio
352 1920 419 1958 cum
433 1900 546 1958 saluere
560 1899 633 1957 loro.

77 1997 192 2056 Aurum
207 2001 345 2073 spectato,
361 2017 422 2056 non
435 2017 510 2074 quae
524 2017 628 2055 manus
642 1996 756 2054 adierat
769 2015 883 2054 aurum.

116 2094 256 2154 Versibus
270 2097 379 2155 auditis
392 2097 465 2173 quid
477 2096 536 2154 nisi
549 2097 639 2154 verba
651 2094 750 2153 feres?

79 2195 98 2223 “
110 2190 189 2256 Quid
201 2193 285 2252 iuvat
299 2198 400 2253 ornato
416 2194 580 2270 procedere,
596 2193 667 2265 vita,
685 2192 791 2268 capillo
895 2198 932 2250 65

115 2290 273 2350 attenues
287 2293 346 2352 (loa
358 2297 440 2352 veste
453 2312 569 2351 movere
584 2291 665 2350 sinus
675 2291 713 2350 ?’'

76 2388 136 2453 Qui
149 2410 250 2449 versus
265 2391 339 2450 Coae
353 2391 466 2450 dederit
478 2411 533 2450 nec
546 2410 668 2449 munera
680 2390 780 2462 vestis,

115 2488 207 2547 Istius
220 2490 277 2548 tibi
291 2490 329 2550 sit
343 2492 431 2549 surda
445 2490 508 2549 sine
522 2495 583 2548 arte
597 2491 672 2567 lyra.

75 2586 155 2644 Dum
168 2592 273 2646 vernat
286 2589 412 2664 sanguis,
429 2589 499 2648 dum
512 2588 594 2663 mgis
607 2588 723 2662 integer
736 2607 838 2659 annus,

115 2686 215 2759 Utere,
231 2707 269 2746 ne
283 2687 356 2764 quid
369 2708 432 2746 cras
446 2688 521 2746 libet
534 2689 570 2746 ab
585 2707 633 2746 ore
647 2687 717 2745 dies.
896 2690 934 2744 60

75 2784 146 2841 Vidi
159 2805 212 2859 ego
226 2787 373 2845 odoratum
386 2787 502 2845 victura
514 2787 622 2846 rosaria
635 2788 769 2845 Paestum

116 2882 178 2941 Sub
191 2883 337 2941 matutino
352 2888 434 2942 cocta
446 2885 541 2944 iacere
553 2884 582 2943 N
584 2889 642 2944 oto.

76 2979 134 3038 His
148 2982 275 3040 animum
288 2987 405 3041 nostrae
419 2984 490 3041 dum
503 2987 601 3042 versat
614 2982 757 3041 Acanthis
771 2982 889 3054 amicae,

116 3079 173 3137 Per
185 3083 303 3140 tenuem
317 3102 380 3141 ossa
393 3102 470 3141 suom
485 3086 554 3141 sunt
567 3085 721 3141 numerata
736 3084 839 3140 cutem.

77 3177 136 3237 Sed
148 3198 218 3255 cape
231 3182 394 3256 torquatae,
411 3181 511 3240 Venus
525 3201 542 3239 o
556 3181 666 3256 regina,
683 3180 833 3238 columbae
895 3183 932 3236 65

116 3277 161 3337 Ob
174 3279 312 3339 meritum
326 3283 395 3339 ante
408 3284 475 3340 tuos
489 3283 612 3356 guttura
625 3282 705 3339 secta
717 3279 806 3337 focos.

76 3375 146 3436 Vidi
159 3397 212 3454 ego
225 3399 330 3456 rugoso
344 3379 449 3440 tussim
462 3398 644 3439 concrescere
658 3378 742 3450 collo,
