2168 3720
305 233 523 293 PROPERTII
544 235 604 294 EL.
620 236 645 307 I,
665 235 709 294 17.
729 241 773 294 18.
927 244 962 297 21

113 390 145 448 si
160 391 276 466 quando
290 395 401 451 vestras
413 393 514 451 labens
527 394 617 452 Amor
630 393 731 468 attigit
743 395 845 467 undas,

152 490 315 548 Mansuetis
329 491 405 550 socio
418 491 529 566 parcite
543 491 688 551 litoribus.

492 689 579 728 XVIII.

112 787 196 845 Haec
210 790 287 846 certe
300 787 416 847 deserta
428 788 491 846 loce
505 791 535 847 et
547 787 694 848 taciturna
707 790 851 865 querenti,

154 889 194 946 Et
206 908 331 946 vacuum
343 870 473 965 Zephyri
485 888 613 963 possidet
627 908 697 946 aure
710 908 821 948 nemus.

112 986 174 1044 Hic
187 987 257 1046 licet
270 988 396 1046 occultos
409 988 537 1063 proferre
549 987 660 1062 inpune
674 987 795 1059 dolores,

154 1085 187 1144 si
200 1087 283 1168 mocio
297 1086 358 1144 sola
370 1090 480 1163 queant
493 1106 564 1145 sexa
576 1090 676 1144 tenere
689 1086 785 1145 fidem.

111 1183 199 1242 Unde
212 1188 278 1243 tuos
290 1185 417 1261 primum
429 1190 569 1262 repetem,
584 1205 649 1245 mec
662 1185 799 1264 Cynthia,
815 1186 930 1245 fustus?
945 1193 961 1244 5

153 1281 239 1346 Quod
251 1285 324 1343 mihi
337 1287 389 1344 das
400 1285 499 1357 flendi,
516 1285 652 1362 Cynthia,
667 1285 867 1361 principium?

112 1381 174 1446 Qui
185 1383 269 1441 mcdo
280 1383 380 1443 felices
392 1385 470 1444 inter
482 1384 655 1442 numerabar
667 1387 805 1454 amentes,

152 1481 184 1539 N
183 1501 240 1540 unc
252 1482 285 1540 in
298 1502 393 1542 amore
405 1488 457 1543 tuo
472 1503 558 1558 cogor
569 1484 676 1542 habere
689 1486 797 1541 notam.

112 1579 192 1645 Quid
204 1583 321 1640 tuntum
334 1582 452 1641 merui?
472 1601 547 1659 qnae
560 1585 590 1640 te
600 1581 673 1639 mihi
687 1581 814 1640 carmina
823 1582 962 1641 mutant?

152 1680 290 1739 Annova
301 1680 440 1740 tristitiae
454 1701 540 1741 causa
552 1683 652 1758 puella
664 1682 757 1741 tuae?
926 1686 961 1739 10

113 1777 163 1835 Sic
175 1777 249 1836 mihi
261 1782 292 1838 te
304 1779 423 1853 referas,
438 1780 521 1850 levis,
538 1784 573 1840 ut
585 1801 645 1840 ncn
658 1782 750 1840 altera
762 1783 861 1840 nostro

151 1875 265 1936 Inmine
278 1878 417 1938 formosos
430 1879 535 1939 intulit
547 1880 610 1938 ulla
622 1880 718 1955 pedes.

111 1974 252 2039 Quamvis
264 1977 359 2036 multe
370 1976 427 2036 tibi
439 1978 521 2038 dolor
533 1979 581 2037 hic
594 1998 675 2038 meus
689 1998 790 2055 aspera
803 1979 898 2048 debet,

152 2074 220 2133 Non
232 2076 275 2135 ita
288 2097 374 2136 saeva
388 2082 488 2138 tumen
500 2080 614 2138 venerit
626 2080 670 2138 ira
683 2099 755 2150 mea,

111 2173 157 2232 Ut
168 2173 224 2233 tibi
237 2174 292 2234 sim
305 2175 408 2252 meritc
422 2197 534 2254 semper
544 2178 627 2237 furor
640 2181 671 2236 et
682 2182 736 2237 tna
747 2177 843 2235 flendo
927 2181 960 2233 15

152 2273 277 2332 Lumina
290 2275 411 2335 deiectis
422 2277 522 2353 turpia
534 2276 593 2336 sint
605 2275 741 2336 lacrimis.

112 2373 162 2429 An
176 2373 245 2448 quie
256 2392 347 2449 parva
359 2375 461 2453 damus
473 2380 587 2435 mutato
601 2375 684 2450 signu
697 2375 800 2446 colore,

152 2470 193 2528 Et
205 2490 264 2529 ncn
275 2472 339 2530 ullu
350 2493 414 2532 meo
427 2474 534 2532 clamet
545 2474 578 2532 in
591 2493 640 2533 cre
652 2475 724 2532 fides
734 2473 746 2532 Ρ

111 2569 172 2627 Vos
186 2569 268 2628 eritis
280 2574 378 2644 tester,
395 2573 420 2631 si
434 2592 507 2650 quos
519 2574 609 2632 hebet
622 2575 707 2632 arbor
720 2592 839 2644 amores,

152 2669 250 2744 Pagus
263 2672 294 2729 et
305 2671 429 2731 Arcadio
442 2673 530 2749 pinus
543 2673 634 2732 amice
646 2673 709 2732 dec.
728 2726 729 2730 ,
924 2677 961 2729 20

112 2767 162 2824 Ah
175 2769 311 2845 quotiens
326 2775 435 2829 vestras
447 2774 584 2830 resonent
596 2756 757 2834 meuverba
767 2777 821 2831 sub
831 2771 959 2844 umbras,

154 2865 297 2926 scribitur
310 2876 340 2927 et
352 2868 461 2928 teneris
475 2869 604 2947 Cynthia
617 2868 772 2928 corticibus
783 2868 794 2953 i

112 2966 163 3021 An
175 2967 228 3023 tua
241 2968 318 3042 quod
331 2967 445 3044 peperit
457 2966 541 3026 nobis
554 2967 661 3032 iniuria
672 2987 764 3039 curas,

153 3063 234 3129 Quae
248 3067 341 3124 solum
353 3067 451 3126 tacitis
465 3067 580 3153 cognitu
593 3071 662 3126 sunt
673 3066 807 3126 foribus?

112 3163 217 3223 Omnia
231 3166 367 3225 consuevi
380 3166 500 3225 timidus
513 3156 640 3242 perferre
654 3168 793 3242 superbae
924 3170 961 3221 25

151 3262 244 3334 Iussa,
259 3283 356 3339 neque
370 3268 473 3338 arguto
486 3264 550 3323 iata
562 3264 660 3330 dolore
673 3264 766 3340 queri.

111 3361 169 3423 Pro
184 3381 250 3438 quo,
266 3362 359 3423 divini
371 3363 476 3436 fontes,
493 3366 523 3422 et
536 3362 644 3439 fn'gide
655 3382 744 3442 rupes
