2168 3720
146 229 213 289 lviii
449 227 690 287 PRAEFATIO.

145 386 255 464 polatis
263 388 411 446 mutatum
425 385 464 446 sit
478 388 514 445 ab
523 384 720 460 Hertzbergio
734 384 858 462 aliisque
869 386 1006 463 equidem

145 506 204 545 non
218 486 313 544 rideo.
354 486 432 543 Dore
445 505 521 544 aoaos
536 503 620 561 saepe
638 484 715 560 apud
728 487 828 560 poetas
848 485 983 544 invenias

146 586 213 643 desta
221 586 299 661 socos
313 604 399 643 sensu
413 588 500 643 earet.
855 651 861 662 Ι

190 690 217 742 9.
240 688 287 742 21.
310 687 417 759 torquet
430 683 468 741 N.
511 686 599 741 torret
611 683 649 741 al.
666 682 746 740 oodd.

188 788 215 840 9.
238 787 286 842 22.
307 801 362 840 aon
375 781 467 840 nullus
480 781 519 839 N.
560 782 700 840 ministret
713 781 752 839 N.

187 887 215 941 9.
237 886 286 939 24.
309 880 395 953 obN,
411 881 452 939 H.
494 880 544 939 aba·
555 879 707 938 Heinsius.

189 987 216 1040 9.
239 985 431 1060 3111191141
458 980 496 1053 N,
525 984 646 1056 cooperto
670 980 711 1053 H,
734 980 834 1055 vulgo.
886 979 944 1039 sed
966 980 1004 1037 ef.

150 1080 266 1140 horrida
273 1079 370 1155 patuis
385 1084 413 1139 2.
431 1084 477 1140 13.
494 1083 542 1138 35.

190 1185 217 1239 9.
241 1183 290 1236 34.
312 1197 384 1236 suaa
397 1178 436 1236 N.

190 1283 217 1335 9.
242 1282 290 1335 32.
311 1278 416 1335 minore
429 1278 468 1335 N.

191 1381 217 1433 9.
235 1380 282 1433 38.
298 1381 423 1451 suaeque
437 1376 474 1434 N.

190 1479 217 1531 9.
240 1477 288 1531 40.
310 1475 427 1532 adustas
444 1475 482 1547 N,
499 1475 537 1533 ud
554 1479 636 1534 aetas
648 1474 681 1533 H
694 1474 782 1533 multi
796 1475 876 1533 oodd.
914 1479 1008 1534 vastos

150 1574 239 1633 multi
253 1574 334 1632 codd.
375 1595 476 1633 nocuus
492 1574 659 1635 Santeuius.

192 1679 219 1731 9.
242 1677 291 1732 42.
312 1673 461 1732 Lacunam
474 1674 564 1733 unius
583 1693 686 1733 versus
698 1673 884 1733 Burmannus
897 1673 1008 1752 aliique

151 1771 200 1830 hie
220 1763 434 1844 indicaverunt,
450 1792 552 1831 verum
572 1792 689 1832 versum
705 1772 825 1849 periisse
845 1773 1006 1843 eredentes,

152 1873 183 1928 et
206 1869 340 1928 librarios
362 1870 541 1947 supplevisse
562 1871 696 1930 lacunam
718 1891 766 1930 ex.
791 1891 820 1931 v.
841 1876 887 1930 66.
928 1871 1008 1930 Mihi

152 1972 251 2028 tamen
262 1988 379 2027 versum
389 1988 449 2026 nou
461 1971 557 2027 totum
565 1969 685 2046 periisse
700 1969 749 2028 sed
762 1970 884 2028 alteram
893 1973 1008 2047 partem

152 2069 242 2127 solam
274 2068 362 2127 fidem
392 2068 464 2127 iacit
497 2068 718 2144 Neapolitanus,
747 2068 800 2145 qui
831 2089 892 2127 non
917 2070 1009 2128 habet

152 2168 271 2243 Arripit
294 2169 358 2227 hoec
375 2188 479 2228 verum
497 2169 615 2243 Arripit
632 2172 667 2226 14.
710 2168 801 2227 Credo
822 2167 1007 2244 Propertium

154 2268 319 2344 scripsisse:
343 2269 476 2346 Accipite
495 2273 525 2328 et
546 2269 622 2328 iesso
633 2270 757 2346 flamina
773 2273 860 2344 proto
877 2270 940 2327 dato
958 2270 1008 2328 vel

154 2367 249 2425 simile
277 2367 357 2445 quid,
387 2370 417 2426 et
447 2366 540 2426 simile
566 2367 686 2426 initium
712 2386 813 2426 versus
842 2371 878 2423 66
908 2366 1008 2425 fraudi

152 2465 244 2525 fuisse
256 2466 384 2538 librario,
400 2470 555 2543 postquam
568 2465 666 2525 oeulos
680 2486 697 2524 a
709 2465 816 2542 pagina
833 2484 900 2524 casu
914 2484 1008 2524 remo-

154 2564 254 2624 visset.

195 2668 222 2720 9.
244 2668 292 2722 43.
319 2658 397 2732 Quod
416 2663 440 2722 si
459 2664 496 2737 N,
515 2663 548 2722 H
567 2663 667 2738 vulgo.
713 2663 788 2731 auru
806 2663 833 2721 si
854 2661 1006 2722 Heinsius.

154 2763 313 2824 Notissima
326 2767 371 2823 est
389 2764 515 2823 formula
530 2764 563 2823 in
576 2763 631 2823 toli
644 2784 676 2823 re
690 2765 760 2840 qaid
771 2765 799 2822 si
817 2783 884 2822 eum
900 2763 1008 2841 imper-

152 2861 230 2921 ieoto
248 2862 436 2936 subiunctivi,
459 2881 544 2939 saepe
564 2862 597 2921 iu
616 2863 728 2939 quodsi
746 2862 823 2939 apud
843 2864 1008 2921 nostruma

152 2961 279 3023 librariis
292 2965 406 3020 mutata
419 2964 455 3020 ut
469 2960 570 3020 scribit
583 2961 778 3021 Burmannus.

194 3066 221 3121 9.
244 3067 291 3120 45.
313 3062 432 3139 aliquem
445 3061 483 3132 N,
499 3061 622 3139 aliquam
634 3060 675 3119 H.

194 3164 220 3217 9.
244 3160 291 3219 57.
312 3160 446 3235 Mopsum
460 3158 498 3230 N,
518 3159 550 3216 H
564 3159 634 3218 libri
652 3158 780 3236 plurimi.
821 3158 925 3234 Moyseo
938 3157 1009 3216 Pas·

154 3257 277 3317 seratius
291 3258 408 3334 Lipsius
422 3258 521 3315 Dousa
533 3262 617 3334 pater
631 3262 661 3318 et
675 3278 773 3318 omnes
787 3257 871 3316 eredo
881 3256 1010 3316 editores

57 3352 129 3488 ἱ
155 3357 185 3413 14
198 3358 266 3416 ante
280 3359 310 3417 et
322 3359 390 3433 post
402 3356 641 3432 Hertzbergium.
