2168 3720
330 539 743 619 POSTSORIPTUM.

463 755 612 795 —4—

113 931 179 989 Hoo
201 929 302 990 libello
326 933 443 989 tantum
469 951 528 989 non
552 932 683 991 absoluto
707 929 739 988 in
761 915 865 989 manus
887 951 965 990 meas

113 1029 196 1089 venit
210 1027 299 1088 editio
312 1028 492 1102 Baehrensii,
511 1048 583 1106 opus
596 1050 664 1088 sane
678 1049 817 1104 magnum
831 1033 861 1088 et
874 1030 965 1088 omni-

113 1130 170 1186 bus
194 1127 380 1204 Propertium
405 1129 525 1204 posthae
550 1128 671 1187 edituris
694 1147 750 1204 pro
776 1127 966 1186 fundamento

115 1225 210 1303 operis
223 1227 398 1300 habendum,
414 1228 498 1285 modo
513 1227 572 1287 sint
585 1248 654 1287 vera
668 1246 742 1304 quae
755 1227 906 1303 proposuit
915 1227 967 1284 ille

114 1326 151 1385 de
166 1327 323 1402 archetypo
337 1345 376 1384 ex
390 1330 529 1404 quattuor
543 1327 689 1386 codicibus
703 1328 825 1385 antehae
838 1326 968 1385 haudita

115 1424 215 1500 magni
225 1424 385 1484 aestimatis
398 1425 631 1501 redintegrando.
652 1425 768 1502 Optime
776 1425 874 1484 hercle
882 1425 967 1483 meri-

114 1527 166 1581 tue
180 1524 224 1582 eet
236 1523 273 1581 de
286 1523 437 1598 Propertio
447 1524 494 1582 vir
506 1522 698 1597 doetissimus,
710 1524 762 1602 qui
776 1524 912 1602 antiquos
922 1544 968 1581 eo·

115 1623 968 1702 dioesA(Vossianum)F(Laurentianule(Vatieanum)

116 1721 145 1780 D
155 1720 413 1798 (Darentrianum)
420 1742 471 1780 suo
479 1723 597 1781 tandem
604 1723 707 1781 honori
714 1722 881 1782 reddiderit.
893 1722 969 1780 Mihi

115 1824 225 1892 temen,
236 1819 291 1878 etsi
299 1820 347 1878 vel
355 1823 421 1896 post
429 1820 545 1895 longam
554 1821 791 1880 deliberationem
800 1841 816 1878 a
824 1821 970 1880 Baehren-

118 1917 161 1976 sio
169 1918 205 1977 de
211 1917 430 1994 quaestionibus
438 1918 545 1978 oritieis
554 1920 707 1979 dissentire
715 1919 968 1996 periculosumeet

118 2017 299 2094 propositum
312 2021 483 2077 oonseoutus
496 2018 548 2077 ille
561 2039 620 2077 non
633 2019 759 2091 videtur,
776 2038 842 2077 eum
855 2038 893 2076 ex
906 2017 971 2076 istis

119 2113 265 2175 eodioibue
279 2114 347 2174 eolis
363 2116 555 2194 archetypum
571 2117 747 2176 constituere
761 2119 882 2174 conatus
895 2115 970 2174 Nea·

118 2213 284 2291 politanum
300 2214 332 2272 in
347 2216 505 2274 seeundum
525 2216 657 2275 ordinem
674 2218 709 2274 ut
728 2214 970 2292 interpolatorum

119 2311 263 2389 optimum
288 2313 411 2388 redegit.
467 2315 578 2374 Multos
605 2315 683 2373 loeoa
707 2313 784 2373 enim
811 2333 877 2372 oum
904 2332 970 2372 oon-

119 2406 223 2483 aidero,
238 2411 290 2470 ubi
304 2411 334 2469 N
353 2412 486 2488 quamvis
500 2416 655 2489 corruptus
674 2412 799 2487 vestigia
812 2432 897 2471 verae
913 2412 971 2469 lec·

119 2509 210 2568 tionis
226 2510 312 2569 unice
326 2514 423 2570 servat
443 2531 468 2572 e.
484 2532 526 2587 gr.
544 2517 571 2570 3.
587 2516 614 2570 6.
630 2517 687 2570 22:
712 2517 738 2587 3,
756 2516 801 2584 15,
819 2516 856 2570 3:
877 2516 905 2583 2,
922 2510 969 2581 27,

120 2609 160 2666 7:
189 2612 217 2680 2,
240 2612 288 2678 23,
310 2613 348 2666 22
362 2630 369 2667 :
401 2614 428 2667 3.
449 2614 476 2667 5.
500 2614 536 2668 6:
566 2610 705 2686 quosdam
728 2610 779 2669 ubi
800 2610 864 2687 ipsa
883 2611 973 2668 verba

120 2708 224 2783 poetae
243 2726 302 2765 non
315 2707 368 2766 illa
388 2707 506 2784 quidem
525 2708 656 2767 faciliora
673 2709 828 2767 intellectu
847 2727 972 2784 nequeo

121 2805 287 2865 coniectura
303 2807 440 2883 suppleta
453 2808 531 2866 eolus
543 2807 712 2884 incorrupta
725 2806 863 2866 tradidit:
887 2825 911 2864 e.
928 2825 971 2879 gr.

122 2909 151 2964 4.
167 2910 195 2962 4.
211 2910 258 2977 55,
274 2906 396 2965 tortasse
410 2911 438 2964 2.
455 2911 502 2964 32.
517 2911 573 2965 22:
596 2926 662 2965 oum
672 2905 804 2964 recordor
818 2906 890 2981 quot
902 2903 974 2962 loeis

122 3002 216 3062 scriba
234 3007 312 3064 uerte
325 3024 385 3063 non
397 3025 450 3082 per
467 3005 628 3064 doot1inam
640 3005 732 3064 ullam
749 3007 785 3063 ut
797 3002 974 3062 Baehrensio

122 3101 241 3161 videtur
266 3102 419 3179 antiquam
445 3103 680 3180 orthographiam
706 3103 785 3161 solus
815 3101 971 3161 exhibeat:

124 3220 191 3259 eum
205 3205 310 3277 reputo
325 3205 436 3278 quanta
448 3202 484 3260 de
499 3205 594 3261 aetate
608 3198 795 3277 Neapolitani
808 3199 887 3258 inter
898 3200 975 3276 peri·

124 3302 171 3358 tos
184 3299 223 3359 sit
235 3299 392 3360 dissensio:
416 3300 504 3360 etiam
518 3304 607 3379 atque
621 3299 710 3359 etiam
722 3298 890 3359 mirandum
897 3298 978 3358 eubit
