2168 3720
106 240 144 290 86
278 231 497 292 PROPERTII
518 231 578 290 ΕΙ.
601 229 664 302 ΙΙΙ,
687 233 779 288 9.10.

105 392 172 449 Non
177 391 259 467 flebo
272 389 304 448 in
318 390 428 449 cineres
442 409 537 448 arcem
551 388 657 448 sedisse
670 392 808 464 paternos

144 489 254 561 Cadmi,
270 508 325 548 nec
339 508 452 564 semper
464 487 576 564 praelia
590 487 670 546 clade
683 485 756 563 pari,

104 590 133 646 N
135 609 166 646 ec
180 588 304 647 referam
318 588 421 647 Scaeas
435 592 465 646 et
478 587 620 661 Pergama
632 584 780 661 Apollinis
793 603 882 656 arces,

144 688 184 745 Et
197 687 334 745 Danaum
347 685 458 744 decimo
471 704 540 743 vere
553 683 661 742 redisse
673 687 760 754 rates,
922 689 959 741 40

105 786 222 844 Moenia
235 805 302 843 cum
316 784 403 843 Graio
417 782 568 859 Neptunia
580 781 686 858 pressit
700 785 795 859 aratrq

144 883 247 942 Victor
259 882 408 941 Palladiae
422 881 537 954 ligneus
551 880 623 938 artis
636 899 739 957 equus.

106 984 190 1041 Inter
204 981 375 1041 Callimachi
389 985 435 1039 sat
448 979 505 1038 erit
517 978 660 1055 placuisse
672 978 789 1038 libellos

146 1082 185 1139 Mt
199 1081 336 1140 cecinisse
350 1079 451 1151 modis,
473 1080 524 1137 Oce
535 1082 630 1155 poeta,
645 1078 715 1137 tuis.

105 1181 188 1239 Haec
201 1184 290 1238 urant
303 1197 417 1255 pueros,
432 1180 505 1236 haec
518 1181 607 1235 urant
621 1177 729 1254 scripta
740 1177 865 1254 puellas,
923 1183 959 1234 45

145 1279 254 1355 Meque
267 1278 355 1336 deum
368 1277 503 1348 clement,
520 1275 637 1336 etmihi
651 1296 731 1335 sacra
743 1275 851 1335 ierant.

107 1378 148 1436 Te
162 1379 235 1437 duce
248 1378 297 1436 vel
310 1377 392 1436 Iovis
405 1397 485 1435 arma
499 1396 599 1435 canam
614 1377 751 1454 caeloque
764 1376 926 1436 minantem

147 1477 254 1535 Coeum
268 1480 299 1534 et
311 1476 481 1551 Phlegraeis
494 1476 688 1535 Oromedonta
700 1475 787 1549 iugis,

107 1576 249 1652 celsaque
263 1575 402 1633 Romanis
416 1575 553 1651 decerpta
566 1574 680 1634 Palatia
692 1575 785 1633 tauris

147 1673 251 1731 Ordiar
265 1677 296 1733 et
312 1692 393 1732 caeso
406 1673 521 1733 moenia
534 1676 618 1733 firma
631 1676 731 1746 Remo,
924 1679 960 1731 50

107 1773 295 1849 Eductosque
308 1792 392 1849 pares
406 1773 535 1832 silvestri
548 1794 587 1833 ex
599 1775 688 1833 ubere
701 1793 793 1848 reges,

148 1871 264 1929 crescet
278 1874 308 1929 et
321 1870 474 1945 ingenium
488 1872 542 1931 sub
555 1875 608 1931 tua
621 1872 699 1955 iussa
712 1891 820 1931 meum.

108 1970 271 2045 Prosequar
285 1974 315 2028 et
329 1989 430 2028 currus
443 1973 570 2048 utroque
584 1973 620 2030 ab
633 1971 719 2030 litore
732 1974 862 2042 ovantes,

148 2068 324 2126 Parthorum
338 2072 451 2127 astutae
464 2071 525 2128 tela
538 2071 658 2128 remissa
669 2070 767 2145 fugae,

110 2167 269 2243 Castraque
283 2166 383 2224 Pelusi
397 2167 527 2225 Romano
541 2170 663 2228 subruta
675 2169 761 2242 ferro,
792 2229 795 2233 ,
926 2174 962 2224 55

148 2266 319 2342 Antonique
333 2285 435 2340 graves
449 2265 481 2322 in
495 2286 548 2325 sua
560 2266 623 2325 fata
635 2287 746 2326 manus.

109 2364 209 2421 Mollis
222 2368 257 2422 tu
271 2368 389 2440 coeptae
402 2364 500 2423 lactor
514 2385 583 2441 cape
597 2366 660 2425 lora
672 2365 819 2436 iuventae,
868 2434 869 2441 ἵ

148 2462 337 2538 Dexteraque
351 2463 478 2523 inmissis
491 2465 529 2522 da
541 2464 614 2523 mihi
627 2465 711 2539 signa
723 2464 803 2523 rotis.
907 2486 909 2489 ·

108 2560 173 2618 Hoc
188 2559 270 2630 mihi,
286 2560 448 2634 Maecenas,
464 2561 560 2621 laudis
574 2563 715 2635 concedis,
731 2568 762 2622 et
775 2584 793 2622 a
804 2568 837 2623 te
850 2568 904 2634 est,

149 2661 233 2724 Quod
245 2659 324 2720 ferar
336 2660 369 2718 in
381 2664 479 2736 partes
491 2662 555 2738 ipse
567 2663 657 2722 tuisse
670 2667 746 2724 tuas.
787 2670 789 2674 '
927 2668 964 2720 60

521 2859 551 2898 Χ.

110 2957 249 3029 Mirabar,
266 2957 406 3035 quidnam
418 2957 552 3018 visissent
564 2979 649 3018 mane
662 2959 813 3031 Camenae,

150 3057 231 3115 Ante
243 3076 342 3115 meum
356 3059 467 3115 stantes
481 3058 540 3116 sole
552 3059 677 3116 rubente
691 3062 798 3116 torum.

110 3154 225 3213 Natalis
238 3159 354 3213 nostrae
369 3155 484 3229 siguum
497 3156 600 3215 misere
612 3157 738 3233 puellae,

149 3254 189 3311 Et
202 3254 337 3312 manibus
349 3253 460 3312 faustos
473 3257 520 3312 ter
533 3274 670 3331 crepuere
684 3275 777 3314 sonos.

34 3342 82 3480 Ι
110 3351 251 3413 Transeat
263 3351 312 3410 hic
327 3351 389 3412 sine
401 3353 480 3411 nube
493 3352 564 3428 dies,
581 3357 660 3413 stent
673 3373 738 3413 aere
751 3352 844 3419 venti,
946 3358 964 3409 5
