2168 3720
444 205 570 265 LIBER
590 206 635 264 II.
915 209 970 266 xxi

152 370 202 424 21.
227 369 272 423 11.
293 365 410 442 quaudo,
426 364 459 422 in
472 384 564 439 marg.
579 365 723 441 quendem,
739 365 777 423 N.

153 468 203 522 21.
227 468 274 522 12.
296 463 346 522 Ita
373 463 489 536 Hertz„
517 483 584 522 eum
611 462 763 522 Beroaldo.
814 465 904 522 terrie
930 465 968 523 N.

110 562 239 621 doeeoN.

153 666 202 719 21.
227 661 272 719 17.
295 661 345 742 Ita
364 660 402 731 N,
425 659 475 718 H:
505 663 594 718 reete.
637 679 738 718 sensus
762 663 824 719 est:
857 663 967 734 “huie,

112 779 220 835 nempe
230 779 248 818 a
258 758 395 837 Cynthia,
407 760 482 818 alter
495 763 607 818 amator
614 759 673 817 iam
682 759 796 835 pridem
807 761 968 836 quaeritur,

113 862 144 916 et
172 858 225 916 ille
250 860 344 917 restat
369 856 444 916 mihi
469 857 672 939 tolerandus.’'
724 857 859 916 Fortasse
886 859 971 918 maiis

112 957 188 1032 quod
199 961 299 1016 restat.

156 1059 204 1114 22.
227 1061 255 1113 5.
277 1056 387 1113 dederet
399 1055 437 1113 N.
480 1054 558 1113 Corr.
575 1054 764 1113 Passeratius.

156 1158 204 1211 22.
227 1158 274 1211 30.
296 1153 362 1213 Nora
381 1155 419 1212 N.

156 1256 204 1311 22.
227 1257 275 1312 31.
297 1252 390 1311 eleeto
402 1253 443 1311 H.
486 1256 659 1328 consurgeret
671 1252 709 1310 N.

156 1356 204 1409 22.
227 1357 275 1410 33.
292 1357 426 1427 peieraret
442 1352 480 1410 N.

157 1454 204 1506 22.
226 1455 274 1508 48.
296 1451 398 1523 eerN,
414 1470 482 1527 quoe
495 1451 533 1524 N,
549 1455 623 1510 aetat
636 1451 675 1508 N.

157 1553 203 1612 22,
224 1554 271 1607 50.
294 1550 414 1609 Omittit
428 1551 467 1609 N.
515 1570 643 1627 quaerere
660 1551 760 1626 vulgo.
797 1552 885 1610 dicere
903 1553 967 1611 edd.

114 1649 969 1727 vettnonquaererepuerumseddioerequaevideritiubet

116 1765 225 1819 amans,
241 1751 271 1805 et
287 1767 415 1823 quaerere
428 1752 494 1823 post
507 1749 667 1824 quaerendo,
686 1768 772 1825 quem,
794 1768 870 1826 quae,
892 1751 968 1808 auri-

115 1847 172 1903 bus
187 1845 331 1922 displioet.
374 1847 464 1906 Credo
477 1848 510 1905 in
523 1849 681 1924 archetypo
701 1849 823 1906 verbum
841 1848 968 1907 defuisse

116 1963 176 2019 quo
194 1943 338 2002 offensum
358 1945 481 2003 scribam
499 1946 551 2022 qui
571 1946 798 2021 Neapolitanum
815 1946 968 2023 descripsit

115 2048 213 2102 totum
230 2064 348 2103 versum
371 2045 508 2103 omisisse.
548 2044 641 2103 Plere
660 2044 764 2104 Hertz.
780 2047 811 2103 et
822 2045 892 2104 iibri
901 2046 967 2122 plu-

116 2143 201 2200 rimi:
218 2143 306 2218 serta
325 2143 371 2203 ed
412 2144 489 2202 Nam
509 2143 601 2203 codex
623 2142 856 2217 Hamburgensis
877 2145 967 2204 habet

108 2241 186 2314 feta.
243 2241 290 2300 sie
312 2241 525 2318 Neapolitanus
551 2241 614 2317 ipse
637 2242 728 2300 habet
754 2241 879 2317 pristina
897 2242 965 2316 fate

116 2344 178 2410 tua,
194 2344 222 2398 2.
239 2344 267 2411 2,
283 2345 311 2398 4.

157 2443 205 2496 23.
230 2443 255 2496 1.
278 2443 305 2496 et
317 2439 363 2498 N:
385 2439 449 2496 haee
462 2438 503 2496 Η.
544 2442 571 2495 et
584 2456 686 2495 verum
699 2441 753 2496 est.
788 2439 870 2497 etiem
883 2441 968 2498 semi·

116 2540 178 2595 tam
192 2558 251 2615 quo
268 2539 408 2597 utebatur
424 2537 532 2612 vulgus
548 2537 717 2611 Propertius
733 2537 805 2597 dicit
818 2538 874 2597 sibi
889 2539 967 2613 iugi-

117 2636 224 2694 endam
236 2636 336 2696 iuisse.
352 2641 378 2695 et
396 2656 448 2713 pro
462 2638 546 2695 etiem
560 2655 646 2712 saepe
658 2636 791 2695 invenies
805 2637 883 2713 apud
896 2639 965 2696 Pro·

117 2735 257 2810 pertium.
324 2808 327 2816 .

157 2839 207 2892 23.
229 2839 277 2892 22.
299 2835 424 2894 irruerint
436 2834 474 2908 N,
491 2835 598 2894 r'eerr'ret
610 2835 652 2893 H.
695 2835 808 2909 reptaret
821 2835 920 2908 vulgo.

158 2938 205 2991 23.
228 2938 275 2991 25.
297 2935 336 2992 ae't
349 2934 387 2992 N.
409 2934 493 2992 Nova
506 2932 600 3007 elegia
611 2932 717 3009 incipit
726 2932 764 3004 N,
777 2933 855 3007 apud
862 2933 967 2991 Hertz.

116 3033 200 3091 xxiv.
231 3032 288 3091 Sed
295 3036 429 3108 opertum
437 3036 481 3091 est
491 3052 579 3090 unam
587 3031 710 3106 elegiam
721 3051 790 3102 esse,
803 3035 833 3090 et
847 3031 969 3090 scribam

118 3150 210 3208 quum
220 3132 310 3189 verba
316 3131 359 3189 Te
369 3130 487 3208 loqueris
494 3130 620 3189 nesciret
634 3130 724 3189 amieo
739 3130 967 3190 alieuitribuen-

118 3231 156 3288 da
164 3249 226 3288 esse
235 3231 425 3306 exprobranti
439 3229 589 3306 Propertio
599 3229 752 3287 dissimilia
761 3230 839 3288 diota
848 3249 927 3288 nuno
938 3235 968 3288 et

118 3329 189 3386 olim
213 3347 280 3387 omn
293 3328 437 3407 Cynthiae
464 3328 566 3387 laudes
586 3331 711 3400 oaneret,
736 3327 856 3386 initium
876 3348 968 3386 novae

538 3447 554 3489 0
