2168 3720
300 206 518 266 PROPERTII
538 206 598 266 uL.
621 207 683 278 III,
708 210 755 264 18.
916 214 952 265 99

479 443 567 482 xvm.

99 554 222 613 Clausus
236 557 272 614 ab
285 557 420 614 umbroso
434 575 492 633 qua
506 555 614 614 alludit
626 558 734 630 pontus
748 557 865 616 Averno

136 653 266 713 Fumida
279 654 418 713 Baiarum
431 658 534 726 stagna
547 652 675 730 tepentis
689 674 791 731 aquae,

97 752 163 818 Qua
174 753 251 812 iacet
264 757 295 812 et
308 753 410 813 Troiae
423 753 543 813 tubicen
556 753 689 812 Misenus
702 754 821 828 harena,

135 852 175 910 Et
189 856 272 911 sonat
286 852 433 911 Herculeo
447 854 559 910 structa
571 852 671 911 labore
685 851 742 924 via,

95 950 164 1022 Hic,
180 951 241 1024 ubi,
257 952 394 1010 mortales
407 952 515 1010 dextra
528 971 595 1010 cum
609 955 763 1028 quaereret
776 954 872 1024 urbes,
933 960 949 1010 5

135 1050 275 1127 Cymbala
288 1051 425 1110 Thebano
440 1070 632 1127 concrepuere
645 1052 718 1109 deo:

93 1149 136 1207 At
149 1168 237 1221 nunc,
252 1149 364 1208 invisae
377 1169 482 1223 magno
497 1169 563 1208 cum
577 1149 697 1208 crimine
711 1149 809 1222 Baiae,

133 1248 207 1314 Quis
220 1250 291 1308 deus
303 1248 337 1308 in
349 1253 447 1308 vestra
461 1249 594 1308 constitit
606 1248 700 1308 hostis
714 1248 814 1326 aqua?

92 1349 151 1406 His
163 1368 280 1424 pressus
294 1349 413 1426 Stygias
425 1350 544 1408 vultum
557 1348 675 1407 demisit
687 1348 720 1407 in
733 1349 836 1421 undas,

132 1447 220 1506 Errat
233 1447 308 1518 etin
321 1451 418 1507 vestro
433 1446 554 1523 spiritus
566 1446 619 1505 ille
632 1447 708 1506 lacu.
913 1453 947 1504 10

93 1544 172 1610 Quid
185 1564 277 1620 genus
291 1549 344 1605 aut
356 1545 451 1604 virtus
465 1548 518 1604 aut
532 1544 642 1621 optima
654 1544 768 1621 profuit
780 1544 827 1604 illi

130 1645 236 1716 Mater,
252 1650 283 1704 11
295 1645 464 1721 amplexum
479 1644 608 1704 Caesaris
623 1664 684 1704 esse
697 1644 800 1704 focos?

92 1744 156 1802 Aut
169 1745 252 1802 modo
264 1747 327 1803 tam
338 1744 426 1820 pleno
439 1742 588 1804 fluitantia
601 1744 668 1802 vela
681 1744 806 1816 theatro,

131 1843 172 1902 ut
184 1862 237 1919 per
249 1847 395 1902 maternas
409 1843 505 1901 omnia
519 1847 602 1918 gesta
614 1842 742 1902 manus?

92 1941 214 2017 Occidit,
231 1945 261 2001 et
274 1940 378 2001 misero
392 1944 514 2002 steterat
527 1941 686 2016 vigesimus
700 1961 811 2000 annus:
912 1949 945 1998 15

131 2041 187 2101 Tot
199 2043 275 2100 bona
288 2045 349 2101 tam
362 2061 452 2118 parvo
466 2041 572 2100 clausit
585 2040 618 2098 in
631 2042 699 2099 orbe
713 2040 784 2098 dies.

91 2140 109 2197 I
122 2159 211 2213 nunc,
226 2141 299 2199 tolle
313 2139 424 2198 animos
438 2143 468 2198 et
481 2142 580 2199 tecum
592 2139 671 2214 finge
686 2139 857 2215 triumphos,

131 2240 304 2317 stantiaque
317 2240 350 2300 in
363 2241 499 2317 plausum
511 2243 576 2299 tota
588 2241 706 2299 theatra
717 2238 830 2299 iuvent.

90 2339 235 2399 Attalicas
249 2345 469 2417 111111111111,
485 2344 575 2417 atque
589 2338 686 2398 omnia
698 2338 811 2413 magnis

128 2438 266 2498 Gemmea
280 2439 339 2499 sint
351 2441 449 2499 ludis:
471 2440 591 2515 ignibus
603 2439 661 2499 ista
674 2439 765 2499 dabis.
907 2446 943 2498 20

89 2538 147 2596 Sed
159 2542 258 2598 tamen
270 2539 326 2598 hoc
339 2559 447 2612 omnes,
462 2540 522 2598 huc
536 2538 648 2615 primus
661 2542 692 2598 et
704 2538 828 2599 ultimus
842 2541 927 2598 ordo:

128 2637 182 2696 Est
194 2638 280 2711 mala,
296 2638 347 2696 sed
361 2638 474 2697 cunctis
486 2637 544 2697 ista
557 2638 679 2697 terenda
691 2637 740 2698 via
753 2641 806 2698 111.

89 2735 339 2797 Exorandacanis
352 2736 411 2796 tria
425 2739 495 2796 sunt
508 2736 648 2796 latrantia
661 2737 744 2809 colla,

127 2837 297 2896 Scandenda
311 2839 356 2896 est
368 2836 446 2896 torvi
459 2836 578 2912 publica
592 2839 695 2915 cymba
709 2837 795 2896 senis.

87 2937 145 2995 Ille
160 2936 231 2995 licet
243 2937 321 2995 ferro
335 2940 439 2996 cautus
453 2955 483 2995 se
497 2935 603 2995 condat
616 2939 647 2995 et
660 2956 743 2997 aere:
904 2942 940 2992 25

124 3035 206 3093 Mors
218 3038 317 3094 tamen
330 3034 477 3095 inclusum
490 3035 637 3112 protrahit
649 3035 720 3094 inde
734 3039 831 3113 caput.

87 3132 178 3192 Nirea
191 3153 250 3192 non
263 3133 361 3206 facies,
379 3154 439 3193 non
452 3135 497 3195 vis
511 3135 620 3215 exemit
633 3134 789 3208 Achillem,

127 3232 264 3292 Croesum
278 3237 331 3292 aut
343 3232 456 3293 Pactoli
470 3253 542 3311 quas
555 3233 634 3310 parit
646 3253 731 3292 umor
744 3252 821 3311 opes.

87 3331 147 3391 Hic
162 3330 231 3390 olim
245 3330 361 3408 ignaros
373 3334 473 3392 luctus
486 3332 640 3409 populavit
653 3331 791 3406 Achivos¹

482 3452 508 3494 11
522 3437 540 3494 2
560 3433 581 3474 ⁴*
