2168 3720
290 215 517 286 1101111111,
541 219 600 276 nr.
620 218 645 290 1,
671 219 698 276 7.
721 221 747 272 s.
929 221 945 271 0

91 375 142 434 Me
155 376 236 450 legat
250 375 364 434 assidue
377 378 527 451 posthaec
540 378 694 453 neglectus
707 380 825 446 amator,

133 475 174 534 Et
185 474 299 551 prosint
310 474 357 532 illi
370 475 488 550 cognita
499 480 600 536 nostra
611 476 697 535 mala.

93 574 135 632 Te
149 592 267 651 quoquc
281 572 307 631 si
320 577 399 632 certo
412 594 487 651 puer
498 576 547 635 hic
561 575 739 634 concusscrIt
752 593 829 645 arcu,
912 578 946 631 15

134 670 227 736 Quum
239 671 329 729 1101101
341 670 455 732 nostros
468 674 523 732 101
535 674 658 734 violasse
672 674 739 732 deos
752 674 758 732 !

93 768 194 844 Longe
208 773 303 829 castra
315 770 380 841 tibi,
395 772 482 847 longe
495 773 583 832 miser
596 773 712 848 agmina
725 774 836 848 septem

133 868 234 927 Flebis
246 870 279 928 in
292 874 410 929 aeterno
424 872 512 930 surda
524 872 618 930 iacere
632 871 701 942 situ,

95 968 135 1026 Et
147 967 259 1027 frustra
271 969 372 1045 cupies
384 970 502 1029 mollem
516 989 685 1047 componere
698 988 824 1040 versum,

134 1065 197 1125 Nec
210 1066 267 1126 tibi
280 1067 404 1127 subiciet
417 1070 545 1128 carmina
558 1089 639 1128 serus
652 1069 752 1126 Amor.
912 1072 949 1124 20

95 1165 172 1224 Tum
184 1185 231 1226 me
244 1186 304 1225 non
316 1167 459 1226 humilem
472 1168 613 1227 mirabere
627 1187 712 1243 saepe
725 1170 858 1244 poetam:

134 1264 218 1324 Tunc
232 1277 285 1340 ego
298 1266 438 1325 Romanis
450 1267 597 1343 praeferar
608 1267 743 1342 ingeniis,

96 1363 158 1422 Nec
170 1367 311 1440 potemini
322 1365 444 1424 iuvenes
457 1369 556 1424 nostro
570 1365 692 1425 reticere
706 1366 838 1442 sepulcro

139 1469 158 1496 “
167 1463 287 1522 Asdoris
300 1464 394 1522 nostri
406 1483 511 1538 magne
524 1467 612 1540 poeta
624 1464 732 1523 iaces.”

97 1562 143 1620 Tu
156 1581 225 1622 cave
237 1566 337 1621 nostra
349 1566 402 1621 tuo
417 1569 585 1621 contemnas
599 1561 727 1621 carmina
738 1563 835 1622 fastu:
913 1566 949 1617 25

138 1662 229 1738 Saepe
241 1662 324 1721 101111
337 1681 442 1736 magno
455 1661 555 1720 fenore
569 1662 670 1720 tardus
683 1662 782 1719 Amor.

489 1859 556 1897 VIII.

99 1966 119 1992 “
131 1960 213 2019 Tune
226 1960 319 2036 igitur
331 1960 458 2033 demens,
474 1981 528 2019 nec
541 1964 572 2020 te
586 1980 650 2018 mea
663 1979 733 2018 cura
745 1958 898 2017 moratur?

138 2063 186 2120 An
198 2060 255 2119 tibi
269 2080 334 2118 sum
350 2060 447 2136 gelida
459 2059 547 2120 vilior
560 2058 675 2137 Illyria,

98 2161 139 2218 Et
150 2159 207 2219 tibi
220 2160 279 2219 iam
291 2160 378 2234 tanti,
394 2160 572 2238 quicumque
586 2161 639 2229 est,
655 2157 711 2215 iste
724 2156 851 2226 videtur,

138 2259 316 2319 1111110110
329 2263 418 2319 101110
432 2259 565 2337 quolibet
577 2259 621 2317 ire
634 2257 732 2317 velis?

99 2357 183 2416 Tune
196 2356 296 2418 audire
309 2361 393 2434 potes
406 2358 507 2418 vesani
519 2376 671 2416 murmura
683 2356 791 2433 ponti?
936 2363 952 2413 5

138 2457 237 2517 Fortis
250 2461 281 2518 01
293 2457 326 2516 in
338 2459 412 2518 dure
424 2478 499 2518 nave
512 2459 606 2518 iacere
619 2457 724 2535 potes?

100 2555 146 2615 Tu
159 2556 283 2632 pedibus
295 2557 404 2616 teneris
417 2558 527 2635 positas
540 2559 653 2618 sulcare
660 2559 794 2634 pruinas,

140 2654 186 2713 Tu
198 2658 282 2731 potes
294 2654 437 2730 insolitas,
454 2658 591 2736 Cynthia,
609 2658 687 2717 ferre
700 2658 807 2717 nives?

101 2753 126 2812 0
139 2754 254 2813 utinam
266 2754 406 2816 hibernae
419 2757 607 2834 duplicentur
619 2763 752 2835 tempora
764 2760 892 2829 brumae,

140 2853 181 2912 Et
194 2852 233 2913 sit
245 2853 324 2914 iners
337 2855 429 2915 tardis
442 2856 544 2916 navita
556 2856 705 2931 Vergiliis‚
920 2863 955 2913 10

102 2952 132 3010 N
131 2971 164 3011 ec
176 2951 234 3012 tibi
247 2952 400 3031 Tyrrhena
413 2955 545 3015 solvatur
557 2955 638 3014 funis
651 2957 761 3013 herena

141 3051 224 3113 Neve
237 3053 357 3112 Inimica
369 3073 449 3112 meas
462 3055 558 3115 010101
572 3074 643 3114 auru
655 3073 763 3130 preces,

104 3151 203 3228 Atque
216 3171 270 3227 ego
283 3171 343 3210 non
355 3151 471 3211 videam
483 3154 558 3212 tales
572 3152 720 3211 subsidere
734 3155 846 3230 1011101,

142 3249 216 3308 Cum
228 3249 285 3310 tibi
298 3254 450 3326 provectas
464 3252 577 3310 auferet
591 3252 669 3310 unda
681 3254 768 3323 rates,

104 3347 143 3406 Et
155 3367 202 3407 me
216 3348 346 3408 defixum
360 3369 452 3408 vacua
465 3349 592 3426 patietur
605 3349 638 3408 in
652 3370 702 3408 cra
922 3357 957 3408 15
