2168 3720
447 200 571 259 LIBER
591 202 655 260 III.
901 203 977 261 xxxi

159 364 187 416 5.
214 363 260 416 15.
283 357 374 416 Credo
401 358 587 434 Propertium
614 358 762 435 scripsisse
796 359 889 418 Victor
916 379 976 418 cum

116 460 202 517 victis
220 459 336 533 pariter
356 459 528 518 miscebimus
551 458 681 518 umbrae:
709 459 850 518 librorum
876 464 975 519 tamen

115 557 276 616 lectionem
288 557 429 616 intactam
446 558 563 634 reliqui.
593 557 773 617 Lachmanni
801 558 883 616 India
897 559 976 634 quod

115 656 221 713 laudat
236 655 343 733 aliquis
356 655 430 714 mihi
442 657 577 732 ineptum
589 656 717 715 videtur.

158 761 188 813 5.
211 759 259 812 24.
280 757 417 828 sparserit
430 761 457 813 et
470 757 593 831 inteqros
607 755 645 813 N.

160 859 189 910 5.
214 857 261 910 30.
277 853 430 926 perhennis
443 854 482 913 N.
518 858 653 928 persanat
664 853 776 911 malim.

159 958 188 1009 5.
212 957 260 1010 35.
281 972 353 1011 seros
366 953 404 1011 N.
421 953 581 1012 Perusinus
594 955 683 1012 habet
692 955 782 1030 saquis
795 953 874 1029 quod
883 973 975 1029 paene

117 1051 269 1109 edideram
295 1054 463 1112 recordatus
482 1053 559 1112 illud
586 1046 738 1112 Iuvenalis
771 1058 790 1085 ‘⁴
800 1053 886 1128 piqri
915 1072 974 1110 sar·

116 1169 188 1207 raca
200 1149 338 1209 Bootae.”
371 1152 489 1228 flamma
503 1152 567 1209 boos
581 1151 619 1209 N.

160 1253 188 1304 5.
212 1252 258 1305 39.
280 1254 420 1307 nocentum
441 1249 600 1326 Hauptius.
642 1269 698 1307 om.
727 1250 765 1307 N.
822 1250 973 1325 (liquatam

116 1345 227 1422 reliqui
237 1346 314 1405 libri.
355 1348 485 1406 Priorem
495 1348 629 1406 vocabuli
642 1352 755 1424 partem
768 1348 800 1406 in
814 1349 972 1425 archetypo

116 1444 271 1503 evanuisse
285 1446 464 1504 crediderim.
494 1447 629 1505 Fortasse
643 1447 782 1504 silentum.
824 1447 869 1504 ef.
881 1446 970 1520 Verg.

116 1543 194 1600 Aen.
211 1549 238 1600 6.
254 1548 321 1601 432.

159 1647 187 1700 6.
211 1647 237 1701 3.
259 1644 326 1702 Non
339 1643 378 1702 N.
700 1649 728 1704 6.
751 1650 778 1702 6.
801 1663 877 1702 sarm
891 1644 929 1702 N.

158 1745 186 1800 6.
210 1741 237 1800 7.
258 1741 325 1800 Non
338 1741 376 1800 N.
511 1746 537 1799 6.
561 1747 587 1800 9.
612 1743 640 1799 si
651 1743 689 1800 N.
732 1743 811 1801 Corr.
826 1742 930 1800 Aldus.

158 1846 186 1898 6.
210 1846 256 1899 13.
278 1842 325 1899 Aa
337 1847 438 1900 castam
451 1843 489 1900 N.

128 1997 132 2006 ,
158 1945 185 1997 6.
208 1945 256 1999 22.
277 1941 429 2017 Aequalam
456 1940 532 1998 nollo
558 1940 596 1999 N.
638 1940 717 1999 calla
749 1944 818 2000 cett.
846 1940 888 1998 H.
929 1941 973 1998 Et

114 2037 223 2114 qualem
236 2037 296 2096 nolo
311 2039 355 2097 ed.
396 2038 531 2098 Rivalem
546 2039 690 2117 Cynthiae
704 2039 737 2097 in
750 2040 805 2096 hoc
818 2058 906 2096 versu
920 2039 969 2096 de·

115 2136 204 2195 scribi
217 2137 371 2213 sequentia
394 2138 551 2198 declarant.
604 2139 734 2216 Cynthia
752 2137 888 2214 queritur
902 2137 971 2194 Pro·

114 2235 245 2309 pertium
268 2255 298 2293 se
310 2235 445 2312 linquere
465 2257 557 2312 posse,
580 2241 610 2296 et
629 2237 758 2312 puellam
778 2235 868 2293 vilem
888 2234 971 2293 ouius

114 2353 222 2392 nomen
236 2334 284 2393 vel
298 2339 453 2411 quaestum
466 2336 542 2394 nolit
555 2336 650 2395 dicere
664 2335 742 2393 domi
755 2335 871 2393 habore.
924 2334 968 2394 cf.

115 2432 184 2489 1uv.
212 2436 238 2489 8.
257 2433 333 2491 275:
352 2439 404 2493 aut
424 2440 523 2510 pastor
545 2435 605 2494 fuit
625 2439 677 2493 aut
697 2435 773 2492 illud
793 2435 866 2511 qaod
880 2434 970 2491 dicero

114 2529 186 2588 nolo.
211 2530 255 2588 cf.
273 2530 381 2590 Catull.
398 2534 445 2591 67.
462 2539 508 2590 45.
525 2553 617 2591 amara
630 2554 682 2610 pro
692 2533 786 2591 tabere
799 2533 871 2593 fort.
886 2551 968 2608 repo-

115 2629 256 2687 nendum.
298 2630 342 2688 cf.
356 2635 384 2688 2.
401 2636 449 2688 24.
466 2636 513 2688 24.
670 2637 697 2691 6.
720 2637 767 2690 26.
791 2631 878 2689 bombo·
890 2631 929 2688 N.

156 2732 184 2786 6.
208 2733 255 2786 30.
277 2730 337 2786 cita
350 2729 389 2787 N.
435 2735 461 2787 6.
481 2735 527 2788 36.
538 2729 658 2790 oiomN.
701 2735 728 2787 6.
749 2735 796 2788 39.
812 2728 966 2787 ooasal'N.

156 2830 184 2883 6.
204 2830 252 2884 41.
277 2826 355 2895 Quod
374 2829 433 2886 siai
451 2833 478 2886 et
497 2828 535 2886 N.
571 2829 649 2896 Qvod
659 2828 732 2887 miti
743 2831 771 2886 si
779 2833 805 2886 et
815 2829 856 2886 H.
892 2827 971 2894 Quod

113 2926 157 2982 mi
168 2925 196 2982 ai
207 2945 221 2983 e
235 2926 280 2985 ed.

154 3024 201 3082 El.
226 3023 253 3084 7.
277 3026 461 3085 Prdoherima
474 3027 568 3102 elegia
580 3027 675 3086 multa
693 3047 778 3103 passa
792 3031 836 3084 est
849 3047 867 3084 a
879 3026 967 3084 libra·

112 3121 175 3193 riis,
198 3141 323 3198 quorum
342 3125 466 3184 vulnera
486 3126 621 3203 equidem
642 3147 741 3186 sanare
761 3146 821 3185 non
838 3145 965 3201 possum.

115 3220 255 3279 Ordinem
275 3241 414 3282 versuum
436 3225 469 3283 in
491 3225 575 3284 libris
597 3225 802 3301 manuscriptis
824 3225 967 3284 traditum

114 3319 238 3392 servavi,
255 3321 388 3397 quamvis
398 3324 453 3382 hoc
463 3324 568 3382 saltem
577 3326 689 3382 certum
698 3322 834 3384 videatur
847 3342 905 3382 vse.
916 3327 964 3394 21,
