2168 3720
314 230 531 290 PROPERTII
551 229 610 288 ΕΒ.
626 230 681 302 IV,
705 235 732 287 6.
895 232 950 286 123

135 388 301 447 Nautarum
314 388 390 447 votis
403 408 463 446 non
475 408 595 464 operosa
607 388 664 447 via.

95 486 165 545 Huc
177 487 281 545 mundi
295 487 388 546 coiere
402 507 523 545 manus:
547 487 630 545 stetit
644 506 768 563 aequore
781 486 872 544 moles

134 585 244 645 Pinea:
268 605 323 644 nec
337 586 425 644 remis
440 605 534 662 aequa
546 586 664 644 favebat
677 585 748 643 avis.
913 586 951 639 20

94 684 199 743 Altera
213 684 312 742 classis
325 687 388 742 erat
402 685 514 742 Teucro
527 684 665 742 damnata
678 683 810 755 Quirine,

134 783 258 860 Pilaque
271 783 413 841 femineae
426 783 554 859 turpiter
568 787 637 860 apta
649 803 738 840 manu
751 804 758 840 :

94 881 175 939 Hinc
188 884 324 956 Augusta
336 882 409 940 ratis
422 883 516 958 plenis
531 883 611 940 Iovis
625 882 720 940 omine
733 881 815 951 velis,

134 981 283 1059 Signaque
296 982 355 1040 iam
367 982 480 1057 patriae
493 981 610 1040 vincere
623 982 708 1039 docta
721 1000 799 1038 suae.

94 1079 224 1138 Tandem
238 1080 314 1138 acies
328 1080 459 1154 geminos
473 1080 502 1138 N
503 1100 581 1138 ereas
594 1081 713 1138 lunarat
726 1079 758 1137 in
772 1097 864 1148 arcus,
911 1080 948 1133 25

132 1179 289 1237 Armorum
303 1182 334 1237 et
346 1179 436 1237 radiis
448 1178 528 1255 picta
542 1181 685 1238 tremebat
699 1197 784 1254 aqua,

94 1277 168 1336 Cum
181 1279 317 1337 Phoebus
329 1278 468 1355 linquens
482 1281 608 1337 stantem
622 1298 652 1336 se
665 1277 781 1336 vindice
794 1276 891 1334 Delon

132 1377 249 1436 —Nam
262 1378 335 1437 tulit
344 1377 438 1436 iratos
451 1377 568 1436 mobilis
582 1397 641 1436 una
654 1377 788 1436 Notos—

92 1476 200 1536 Astitit
213 1477 344 1551 Augusti
356 1476 479 1553 puppim
493 1497 588 1553 super,
605 1480 636 1535 et
648 1495 724 1534 nova
736 1475 853 1534 flamma

131 1575 226 1634 Luxit
239 1575 271 1634 in
284 1575 434 1652 obliquam
446 1579 493 1635 ter
506 1575 622 1634 sinuata
634 1575 737 1635 facem,
911 1576 948 1630 30

93 1672 162 1732 Non
174 1675 225 1732 ille
239 1675 382 1733 attulerat
395 1675 489 1733 crines
502 1673 535 1732 in
548 1675 623 1732 colla
636 1674 747 1732 solutos

132 1774 196 1832 Aut
208 1775 392 1833 testudineae
406 1794 521 1832 carmen
534 1773 645 1832 inerme
657 1774 749 1852 lyrae,

94 1873 151 1932 sed
165 1874 247 1951 quali
260 1874 376 1951 aspexit
389 1874 548 1950 Pelopeum
562 1874 781 1948 Agamemnona
793 1873 890 1944 wiltu,

132 1971 306 2048 Egesse'tque
320 1972 413 2031 avidis
426 1972 533 2031 Dorica
546 1976 641 2031 castra
653 1973 740 2048 rogis,

93 2071 157 2129 Aut
171 2071 266 2148 qualis
278 2071 371 2131 flexos
385 2072 474 2132 solvit
487 2073 624 2150 Pythona
636 2093 689 2148 per
703 2074 785 2131 orben
911 2075 947 2126 35

134 2169 314 2246 Serpentem,
330 2171 455 2230 inbelles
469 2191 556 2249 quem
569 2172 695 2229 timuere
701 2171 795 2246 ferae.

92 2269 164 2327 Mox
177 2270 239 2329 ait:
264 2275 283 2303 ‘¹
299 2271 322 2329 Ο
336 2271 425 2344 longa
437 2272 540 2329 mundi
554 2274 683 2329 servator
696 2272 732 2328 ab
746 2271 831 2341 Alba,

131 2368 276 2442 Auguste,
291 2369 446 2428 Hectoreis
461 2369 576 2443 cognite
590 2369 683 2426 maior
696 2369 767 2441 avis,

92 2466 185 2524 Vince
198 2467 288 2525 mari:
310 2468 370 2526 iam
383 2471 462 2526 terra
475 2472 528 2526 tua
542 2472 596 2526 est.
611 2468 667 2526 tibi
680 2468 789 2526 militat
802 2487 894 2538 arcus,

132 2565 173 2622 Et
184 2565 267 2625 favet
281 2586 319 2624 ex
331 2568 440 2626 umeris
453 2569 507 2626 hoc
522 2588 595 2626 onus
609 2587 692 2626 omne
706 2567 787 2627 meis.
909 2571 947 2624 40

92 2663 179 2722 Solve
192 2669 274 2723 metu
286 2666 420 2741 patriam,
437 2687 512 2743 quae
525 2686 605 2725 nuno
618 2670 649 2725 te
662 2667 777 2725 vindice
790 2665 867 2724 freta

131 2762 267 2839 Inposuit
281 2784 383 2839 prorae
396 2765 516 2840 publica
528 2770 598 2824 vota
610 2769 688 2824 tuae.

92 2858 187 2924 (luam
200 2861 259 2919 nisi
271 2862 417 2934 defendes,
434 2883 584 2922 murorum
597 2864 741 2922 Romulus
755 2883 849 2938 augur

130 2959 180 3017 Ire
194 2959 343 3018 Palatinas
356 2981 415 3019 non
428 2963 502 3021 bene
517 2962 592 3022 vidit
605 2983 682 3021 aves.

90 3056 131 3115 Et
143 3057 267 3116 nimium
280 3059 367 3118 remis
381 3061 498 3136 audent,
514 3062 586 3138 prole
599 3061 704 3138 turpe!
726 3060 850 3132 Latinis,
907 3066 944 3117 45

130 3156 266 3233 Principe
279 3160 310 3216 te
323 3158 432 3218 fluctus
444 3159 525 3235 regia
538 3161 605 3219 vela
617 3160 690 3236 pati.

91 3252 121 3311 N
122 3273 154 3313 eo
167 3258 206 3329 te,
223 3257 302 3334 quod
315 3259 415 3318 classis
429 3260 559 3319 centenis
572 3260 697 3335 remiget
710 3259 773 3330 alis,

131 3352 269 3415 Terreat:
290 3355 385 3418 invito
398 3357 508 3417 labitur
520 3358 574 3418 illa
586 3357 669 3417 mari.
