2168 3720
450 229 574 288 LIBER
594 231 621 290 I.
908 237 961 291 141

127 387 209 445 viii.
231 387 279 444 Ad
299 386 448 446 cinthium.
491 385 518 445 7.
539 387 644 447 fulcire
663 387 774 448 ruinas.
818 392 864 448 11.
882 389 964 448 funis

108 486 237 544 mnevis.
274 490 320 544 15.
335 485 368 543 in
380 486 614 546 horamhareua.
645 492 692 548 19.
706 488 789 548 felici
798 493 962 564 praeuecta.

108 589 156 643 21.
178 585 277 644 dete.
325 589 373 643 22.
394 584 505 643 lumine
526 588 626 645 uerba.
675 591 723 645 25.
745 586 872 647 atraciis.
913 591 962 645 26.

107 685 182 742 ileis.
224 684 273 743 27.
294 703 359 741 mea
379 686 432 742 est.
475 688 522 742 31.
544 688 575 743 et
595 705 645 744 om.
656 705 713 760 pro
733 705 786 760 ego
798 705 827 744 m
840 705 888 745 ero
908 705 962 744 ma.

107 803 160 841 ree.
202 787 249 840 36.
270 782 395 858 paravit.
437 787 485 840 42.
507 783 638 861 cinthya.

146 881 188 940 ix.
209 881 258 938 Ad
272 881 418 939 aemulum
431 881 582 956 ponticum
598 881 754 942 irrisorem.
796 887 824 940 4.
847 882 963 959 quouis.

109 982 136 1040 7.
164 981 333 1058 lachrymae
360 979 417 1056 (lta
436 979 624 1058 plerumque).
671 985 718 1042 11.
739 983 842 1041 ualent
861 1003 882 1041 n
895 988 963 1058 post

19 1106 24 1114 -
109 1099 224 1139 erorum.
262 1083 308 1138 13.
329 1079 450 1154 depone.
498 1081 544 1136 19.
560 1083 670 1156 tygres.
714 1085 762 1140 29.
779 1079 873 1147 Quod.
913 1087 961 1142 30.

108 1179 225 1254 aufuge.
268 1182 315 1236 31.
338 1180 368 1236 et
380 1179 512 1254 possunt.
555 1182 603 1236 34.
624 1199 692 1256 quo.

147 1299 177 1337 1.
199 1277 247 1335 Ad
260 1277 387 1336 Gallum.
431 1278 477 1334 ll.
500 1277 670 1337 concredere
688 1299 716 1338 m
732 1280 887 1339 concedere
906 1300 960 1339 ma.

107 1397 160 1437 reo.
212 1381 257 1435 15.
272 1376 412 1434 diuersos.
458 1373 505 1434 17.
523 1393 640 1450 poenas.
687 1382 731 1436 19.
747 1398 958 1457 quaecumque.

108 1481 154 1535 20.
177 1475 344 1553 querenda:
368 1473 441 1550 ege'.
483 1478 531 1532 23.
553 1474 632 1534 Heu.
674 1479 722 1534 24.
744 1476 833 1535 Heu:
856 1480 962 1539 cadent

109 1581 156 1634 28.
178 1575 295 1634 effectu.

147 1674 188 1733 xi.
210 1676 258 1733 Ad
271 1673 428 1734 (linthium.
466 1677 492 1732 1.
507 1672 610 1732 mediis
620 1693 670 1732 om.
681 1675 713 1733 ia
726 1694 813 1752 marg.
825 1677 959 1736 additum.

108 1774 190 1833 baiis.
231 1779 259 1833 2.
281 1773 431 1832 littoribus
446 1772 545 1849 (littus
552 1774 684 1850 passim).
706 1848 709 1852 A
727 1779 755 1832 3.
776 1775 961 1851 thesprotiae
1021 1775 1023 1778 ⁴

107 1873 236 1950 tesponti
251 1877 279 1932 et
294 1871 468 1947 transponti.
507 1876 535 1930 4.
557 1871 598 1929 Et
614 1872 697 1930 modo
710 1892 738 1930 m
751 1873 894 1948 proxima.
931 1880 959 1933 5.

109 1973 260 2032 adducere.
298 1976 326 2046 0.
348 1969 490 2029 substulit
503 1969 752 2048 (itaaacpiose'me).
789 1976 835 2030 10.
857 1973 960 2032 cimba.

112 2076 157 2130 11.
171 2071 325 2131 tentantis.
362 2074 408 2129 12.
423 2069 574 2128 Altemae.
613 2072 659 2127 15.
675 2071 961 2130 abmotamhamato

109 2191 162 2228 mc.
187 2189 240 2228 rec.
291 2173 338 2227 20.
360 2167 502 2227 timentis.
551 2171 599 2225 21.
622 2185 682 2225 nou
699 2187 755 2242 pro
773 2188 862 2229 nunc.
911 2173 959 2228 26.

110 2269 257 2346 Quicquid
270 2269 324 2346 (aio
337 2266 464 2342 emmer).

148 2369 203 2428 xii.
224 2367 378 2445 (recalere
403 2365 502 2441 elegiae
529 2363 675 2441 cobomt.)
717 2368 743 2423 l.
765 2385 792 2423 m
815 2365 960 2428 dissidiae.

109 2469 136 2526 7.
158 2466 210 2524 illo
224 2467 322 2524 mullo
336 2483 452 2522 mamea.
497 2466 543 2524 10.
565 2463 787 2523 Laetamleota.
831 2466 877 2524 17.
898 2467 958 2526 At:

108 2565 200 2641 potui.
244 2569 289 2622 19.
312 2564 380 2622 Me:
402 2563 582 2622 desisterem
594 2561 750 2622 discedere.

148 2664 212 2722 1111.
233 2664 281 2721 Ad
299 2663 427 2722 Gallum.
471 2665 496 2720 l.
511 2660 592 2720 iacis.
636 2665 663 2720 3.
685 2660 812 2721 mirabor
824 2682 851 2721 m
863 2663 961 2723 imita·

108 2765 170 2822 bor.
211 2767 239 2820 8.
260 2761 350 2820 adire.
394 2764 439 2819 10.
462 2759 601 2835 erigetur
621 2758 720 2833 exiget
740 2779 793 2818 ma.
815 2780 868 2819 roo.
912 2767 959 2820 16.

108 2863 215 2921 illectis
233 2881 261 2920 m
278 2859 405 2919 insertis.
449 2860 494 2918 17.
516 2858 623 2918 uerbis.
665 2863 714 2916 21.
736 2859 869 2935 enipbeo.
910 2865 958 2921 24.

107 2963 140 3021 in
161 2961 280 3021 cetheis.
323 2964 371 3018 30.
391 2958 492 3018 laedae
512 2960 609 3033 partu,
634 2977 805 3033 eruperacr.
826 2978 881 3018 ma.
905 2980 959 3021 rec.

111 3066 157 3120 34.
178 3061 299 3120 lumine.
342 3063 389 3119 35.
412 3058 502 3123 Quae.
545 3060 592 3114 36.
614 3076 798 3134 quocunque.

148 3162 210 3221 xiv.
231 3160 280 3219 Ad
292 3159 402 3218 tullum
415 3156 545 3216 divitem.
582 3159 608 3214 1.
623 3156 769 3234 tyberina.
806 3161 853 3216 10.
868 3161 959 3220 totam

109 3280 209 3319 mum.
240 3255 440 3334 ll.pactholi.
475 3257 615 3314 10511111.
653 3257 959 3316 17.menteamuires.
1005 3302 1008 3308 .

111 3364 157 3417 20.
178 3360 242 3418 foro
254 3377 282 3416 m
294 3358 380 3417 thoro
392 3374 446 3415 ma.
460 3373 514 3414 rec.
556 3357 604 3413 24.
625 3353 685 3413 uel.
