2168 3720
135 197 171 249 aa
349 188 566 248 racrrnrrr
587 188 647 246 rr.
669 189 714 261 11,
737 194 765 247 a.

545 365 573 404 V.

134 470 200 527 Hoc
213 487 315 526 verum
328 469 381 538 est,
396 469 460 525 tcta
472 469 502 524 te
515 465 595 538 ferri,
612 466 748 543 Cynthia,
764 467 866 541 Roma,

173 569 286 628 utnon
299 567 399 640 ignota
411 565 509 623 vivere
522 564 677 642 nequitia?
855 643 858 649 .

135 667 218 726 Haec
231 666 324 725 merui
338 664 473 741 sperare?
493 664 575 723 dabis
589 664 638 736 mi,
654 665 773 740 perfida,
788 685 911 742 poenas:

175 767 215 824 Et
227 765 310 824 nobis
323 766 390 836 alic,
406 763 542 840 Cynthia,
558 767 665 822 ventus
678 764 743 823 erit.

136 865 289 924 Inveniam
301 869 401 923 tamen
414 883 429 921 e
442 862 544 921 multis
557 862 711 923 fallacibus
723 883 821 936 unam,
970 871 986 922 5

176 965 256 1029 Quae
274 963 338 1021 fieri
351 965 449 1020 nostro
463 961 588 1019 carmine
602 965 672 1020 nota
684 962 766 1034 velit,

137 1064 199 1121 Nec
212 1061 285 1120 mihi
297 1043 358 1120 tam
371 1060 451 1118 duris
464 1060 589 1118 insultet
601 1061 737 1133 moribus,
755 1066 785 1121 et
797 1067 828 1121 te

175 1162 319 1220 Vellicet:
341 1161 400 1218 heu
414 1179 475 1218 sero
488 1159 572 1218 flebis
585 1162 682 1217 amata
694 1159 755 1219 diu.

137 1261 225 1319 Nunc
239 1262 283 1318 est
295 1259 339 1318 ira
352 1277 461 1330 reeens,
476 1277 555 1315 nunc
570 1261 614 1317 est
627 1257 771 1317 discedere
784 1261 918 1334 tempus:

178 1358 209 1417 si
222 1359 304 1417 dolor
316 1357 452 1430 abfuerit,
468 1357 560 1429 crede,
576 1355 683 1415 redibit
695 1376 784 1414 amor.
952 1361 987 1415 10

138 1458 206 1517 Non
218 1457 261 1516 ita
275 1456 446 1532 Carpathiae
460 1454 575 1514 variant
587 1455 784 1532 Aquilonibus
797 1457 902 1530 undae,

177 1557 206 1614 N
207 1576 239 1614 ec
253 1555 340 1615 dubio
353 1557 446 1614 nubes
458 1554 586 1613 vertitur
599 1557 662 1613 atra
675 1555 762 1626 Noto,

141 1655 235 1719 Quam
248 1653 336 1712 facile
348 1644 419 1712 irati
431 1655 521 1712 verbo
534 1655 688 1712 mutantur
701 1657 848 1712 amantes:

177 1754 257 1811 Dum
269 1752 349 1824 licet,
365 1752 474 1810 iniusto
488 1751 626 1811 subtrahe
640 1752 715 1810 colla
727 1751 806 1827 iugo.

139 1852 168 1911 N
169 1872 201 1910 ec
214 1856 249 1911 tu
262 1871 321 1909 non
334 1851 455 1927 aliquid,
471 1852 522 1910 sed
534 1851 629 1927 prima
641 1856 735 1924 nocte,
750 1852 878 1912 dolebis:
953 1859 987 1910 15

180 1952 271 2010 Omne
284 1951 316 2009 in
330 1970 425 2008 amore
438 1951 556 2022 madum,
573 1950 730 2026 sipatiare,
745 1952 811 2010 leve
824 1955 878 2010 est.

139 2052 182 2109 At
194 2053 238 2122 tu,
253 2069 307 2127 per
319 2049 451 2108 dominae
465 2049 588 2119 Iunonis
600 2049 697 2107 dulcia
708 2049 774 2108 iure

179 2150 268 2208 Perae
280 2149 342 2208 tuis
355 2149 467 2220 animis,
482 2148 553 2220 vita,
567 2168 670 2207 nocere
683 2148 747 2207 tibi.

140 2248 207 2306 Non
220 2249 313 2306 solum
326 2252 428 2308 taurus
440 2246 512 2307 ierit
523 2247 606 2306 uncis
619 2248 754 2306 cornibus
766 2249 888 2320 hostem,

179 2347 290 2405 Verum
304 2347 392 2406 etiam
404 2347 528 2404 instanti
540 2347 618 2405 laesa
630 2351 776 2422 repugnat
788 2347 859 2407 ovis.
905 2423 910 2432 Ι
951 2351 989 2404 20

141 2446 203 2504 Nec
216 2444 272 2505 tibi
285 2445 401 2521 periuro
414 2445 542 2504 scindam
555 2446 591 2504 de
605 2465 721 2521 corpore
734 2449 851 2518 vestem,

181 2544 243 2602 Nec
255 2562 320 2602 mea
332 2544 496 2619 praeclusas
507 2543 630 2619 fregerit
642 2545 686 2603 ira
697 2544 782 2617 iores,

141 2642 171 2701 N
172 2663 204 2701 ec
217 2642 273 2702 tibi
287 2662 411 2701 conexos
423 2643 516 2701 iratus
530 2663 647 2720 carpere
660 2643 754 2702 crines

181 2741 243 2800 Nec
256 2741 337 2801 duris
350 2741 442 2800 ausim
455 2743 568 2802 laedere
581 2743 744 2819 pollicibus.

142 2842 281 2901 Rusticus
294 2843 365 2901 haec
379 2843 485 2920 aliquis
497 2847 559 2901 tam
568 2843 667 2920 turpia
679 2843 789 2919 praelia
802 2846 932 2918 quaerat,
952 2848 989 2900 25

183 2941 272 3001 Cuius
284 2961 344 2999 non
355 2941 479 3000 hederae
492 2941 631 3000 circuiere
644 2945 740 3018 caput.

144 3040 273 3099 Scribam
285 3039 385 3115 igitur,
401 3039 479 3116 quod
491 3058 551 3096 non
562 3059 702 3116 umquam
714 3043 767 3098 tua
779 3039 876 3098 deleat
889 3042 976 3114 aetas,
1008 3068 1019 3121 j

185 3138 341 3216 “Cynthia
353 3138 446 3196 forma
459 3141 570 3214 potens,
587 3137 714 3215 Cynthia
726 3142 815 3199 verba
827 3139 932 3198 levis.'’

144 3237 234 3295 Crede
247 3237 327 3309 mihi,
345 3236 477 3312 quamvis
490 3239 655 3295 contemnas
667 3257 815 3296 murmura
827 3237 930 3309 famae,

183 3338 241 3397 Hic
255 3337 310 3397 tibi
323 3337 436 3413 pallori,
453 3337 588 3416 cynthia,
605 3358 705 3397 versus
720 3338 783 3397 erit.
954 3342 991 3395 30
