<?xml version="1.0" encoding="UTF-8"?>
<!DOCTYPE html PUBLIC "-//W3C//DTD XHTML 1.0 Transitional//EN"
    "http://www.w3.org/TR/xhtml1/DTD/xhtml1-transitional.dtd">
<html xmlns="http://www.w3.org/1999/xhtml" xml:lang="en" lang="en">
 <head>
  <title>
</title>
<meta http-equiv="Content-Type" content="text/html;charset=utf-8" />
  <meta name='ocr-system' content='tesseract 3.04.00' />
  <meta name='ocr-capabilities' content='ocr_page ocr_carea ocr_par ocr_line ocrx_word'/>
</head>
<body>
  <div class='ocr_page' id='page_1' title='image "./elegiarumlibrii00palmgoog_0206.png"; bbox 0 0 2168 3720; ppageno 0'>
   <div class='ocr_carea' id='block_1_1' title="bbox 297 225 941 300">
    <p class='ocr_par' dir='ltr' id='par_1_1' title="bbox 297 225 941 300">
     <span class='ocr_line' id='line_1_1' title="bbox 297 225 941 300; baseline 0.002 -14"><span class='ocrx_word' id='word_1_1' title='bbox 297 226 516 286; x_wconf 84' lang='lat' dir='ltr'>PROPERTII</span> <span class='ocrx_word' id='word_1_2' title='bbox 536 225 597 285; x_wconf 84' lang='lat' dir='ltr'>EL.</span> <span class='ocrx_word' id='word_1_3' title='bbox 618 226 672 300; x_wconf 83' lang='lat' dir='ltr'>IV,</span> <span class='ocrx_word' id='word_1_4' title='bbox 696 231 724 287; x_wconf 85' lang='lat'>8.</span> <span class='ocrx_word' id='word_1_5' title='bbox 886 233 941 288; x_wconf 80' lang='lat'>129</span> 
     </span>
    </p>
   </div>
   <div class='ocr_carea' id='block_1_2' title="bbox 27 384 966 2822">
    <p class='ocr_par' dir='ltr' id='par_1_2' title="bbox 27 384 966 2822">
     <span class='ocr_line' id='line_1_2' title="bbox 133 384 658 462; baseline -0.002 -18"><span class='ocrx_word' id='word_1_6' title='bbox 133 385 236 461; x_wconf 83' lang='lat' dir='ltr'>Egerit</span> <span class='ocrx_word' id='word_1_7' title='bbox 249 384 349 445; x_wconf 84' lang='lat' dir='ltr'>effusis</span> <span class='ocrx_word' id='word_1_8' title='bbox 361 404 415 462; x_wconf 92' lang='lat' dir='ltr'>per</span> <span class='ocrx_word' id='word_1_9' title='bbox 427 388 480 443; x_wconf 91' lang='lat' dir='ltr'>tua</span> <span class='ocrx_word' id='word_1_10' title='bbox 494 403 565 443; x_wconf 86' lang='lat' dir='ltr'>saxa</span> <span class='ocrx_word' id='word_1_11' title='bbox 577 384 658 460; x_wconf 89' lang='lat' dir='ltr'>rotis,</span> 
     </span>
     <span class='ocr_line' id='line_1_3' title="bbox 94 483 785 563; baseline -0.003 -19"><span class='ocrx_word' id='word_1_12' title='bbox 94 486 200 563; x_wconf 83' lang='lat' dir='ltr'>Turpis</span> <span class='ocrx_word' id='word_1_13' title='bbox 212 485 245 542; x_wconf 90' lang='lat' dir='ltr'>in</span> <span class='ocrx_word' id='word_1_14' title='bbox 258 503 362 542; x_wconf 86' lang='lat' dir='ltr'>arcana</span> <span class='ocrx_word' id='word_1_15' title='bbox 375 483 473 542; x_wconf 89' lang='lat' dir='ltr'>sonuit</span> <span class='ocrx_word' id='word_1_16' title='bbox 487 502 553 542; x_wconf 92' lang='lat' dir='ltr'>cum</span> <span class='ocrx_word' id='word_1_17' title='bbox 566 483 633 542; x_wconf 87' lang='lat' dir='ltr'>rixa</span> <span class='ocrx_word' id='word_1_18' title='bbox 645 485 785 558; x_wconf 88' lang='lat' dir='ltr'>taberna;</span> 
     </span>
     <span class='ocr_line' id='line_1_4' title="bbox 133 583 941 656; baseline 0 -12"><span class='ocrx_word' id='word_1_19' title='bbox 133 586 165 644; x_wconf 81' lang='lat' dir='ltr'>si</span> <span class='ocrx_word' id='word_1_20' title='bbox 179 584 240 644; x_wconf 91' lang='lat' dir='ltr'>sine</span> <span class='ocrx_word' id='word_1_21' title='bbox 254 604 308 656; x_wconf 89' lang='lat' dir='ltr'>me,</span> <span class='ocrx_word' id='word_1_22' title='bbox 324 584 419 642; x_wconf 80' lang='lat' dir='ltr'>famae</span> <span class='ocrx_word' id='word_1_23' title='bbox 432 603 490 640; x_wconf 93' lang='lat' dir='ltr'>non</span> <span class='ocrx_word' id='word_1_24' title='bbox 505 583 567 641; x_wconf 87' lang='lat' dir='ltr'>sine</span> <span class='ocrx_word' id='word_1_25' title='bbox 580 584 646 643; x_wconf 86' lang='lat' dir='ltr'>labe</span> <span class='ocrx_word' id='word_1_26' title='bbox 659 604 749 643; x_wconf 88' lang='lat' dir='ltr'>meae.</span> <span class='ocrx_word' id='word_1_27' title='bbox 903 590 941 644; x_wconf 80' lang='lat'>20</span> 
     </span>
     <span class='ocr_line' id='line_1_5' title="bbox 94 680 868 760; baseline 0 -18"><span class='ocrx_word' id='word_1_28' title='bbox 94 683 277 760; x_wconf 75' lang='lat' dir='ltr'>spectaclum</span> <span class='ocrx_word' id='word_1_29' title='bbox 291 680 354 758; x_wconf 90' lang='lat' dir='ltr'>ipsa</span> <span class='ocrx_word' id='word_1_30' title='bbox 367 682 469 741; x_wconf 89' lang='lat' dir='ltr'>sedens</span> <span class='ocrx_word' id='word_1_31' title='bbox 481 681 576 757; x_wconf 86' lang='lat' dir='ltr'>primo</span> <span class='ocrx_word' id='word_1_32' title='bbox 589 685 704 740; x_wconf 91' lang='lat' dir='ltr'>temone</span> <span class='ocrx_word' id='word_1_33' title='bbox 719 682 868 759; x_wconf 77' lang='lat' dir='ltr'>pependit,</span> 
     </span>
     <span class='ocr_line' id='line_1_6' title="bbox 132 779 751 867; baseline 0.003 -28"><span class='ocrx_word' id='word_1_34' title='bbox 132 784 213 839; x_wconf 85' lang='lat' dir='ltr'>Ausa</span> <span class='ocrx_word' id='word_1_35' title='bbox 225 800 279 857; x_wconf 89' lang='lat' dir='ltr'>per</span> <span class='ocrx_word' id='word_1_36' title='bbox 290 780 427 867; x_wconf 35' lang='lat' dir='ltr'>impuros·</span> <span class='ocrx_word' id='word_1_37' title='bbox 438 779 522 839; x_wconf 83' lang='lat' dir='ltr'>frena</span> <span class='ocrx_word' id='word_1_38' title='bbox 535 799 650 839; x_wconf 86' lang='lat' dir='ltr'>movere</span> <span class='ocrx_word' id='word_1_39' title='bbox 664 781 751 842; x_wconf 87' lang='lat' dir='ltr'>locos.</span> 
     </span>
     <span class='ocr_line' id='line_1_7' title="bbox 98 880 745 956; baseline 0 -18"><span class='ocrx_word' id='word_1_40' title='bbox 98 881 196 939; x_wconf 83' lang='lat' dir='ltr'>Serica</span> <span class='ocrx_word' id='word_1_41' title='bbox 207 900 276 938; x_wconf 92' lang='lat' dir='ltr'>nam</span> <span class='ocrx_word' id='word_1_42' title='bbox 288 884 366 940; x_wconf 82' lang='lat' dir='ltr'>tacco</span> <span class='ocrx_word' id='word_1_43' title='bbox 380 880 454 939; x_wconf 86' lang='lat' dir='ltr'>volsi</span> <span class='ocrx_word' id='word_1_44' title='bbox 467 884 606 956; x_wconf 89' lang='lat' dir='ltr'>carpenta</span> <span class='ocrx_word' id='word_1_45' title='bbox 622 880 745 956; x_wconf 79' lang='lat' dir='ltr'>nepotis,</span> 
     </span>
     <span class='ocr_line' id='line_1_8' title="bbox 134 981 741 1059; baseline 0 -20"><span class='ocrx_word' id='word_1_46' title='bbox 134 982 234 1059; x_wconf 80' lang='lat' dir='ltr'>Atque</span> <span class='ocrx_word' id='word_1_47' title='bbox 248 981 407 1040; x_wconf 74' lang='lat' dir='ltr'><strong>armillatos</strong></span> <span class='ocrx_word' id='word_1_48' title='bbox 421 981 496 1039; x_wconf 91' lang='lat' dir='ltr'>colla</span> <span class='ocrx_word' id='word_1_49' title='bbox 508 981 635 1040; x_wconf 86' lang='lat' dir='ltr'>Molossa</span> <span class='ocrx_word' id='word_1_50' title='bbox 647 1000 741 1054; x_wconf 89' lang='lat' dir='ltr'>canes,</span> 
     </span>
     <span class='ocr_line' id='line_1_9' title="bbox 96 1078 944 1154; baseline 0.001 -17"><span class='ocrx_word' id='word_1_51' title='bbox 96 1079 154 1144; x_wconf 78' lang='lat' dir='ltr'>Qui</span> <span class='ocrx_word' id='word_1_52' title='bbox 167 1079 249 1138; x_wconf 87' lang='lat' dir='ltr'>dabit</span> <span class='ocrx_word' id='word_1_53' title='bbox 260 1078 418 1138; x_wconf 86' lang='lat' dir='ltr'>inmundae</span> <span class='ocrx_word' id='word_1_54' title='bbox 430 1079 546 1138; x_wconf 86' lang='lat' dir='ltr'>venalia</span> <span class='ocrx_word' id='word_1_55' title='bbox 558 1079 621 1138; x_wconf 83' lang='lat' dir='ltr'>fata</span> <span class='ocrx_word' id='word_1_56' title='bbox 634 1079 759 1154; x_wconf 82' lang='lat' dir='ltr'>saginae,</span> <span class='ocrx_word' id='word_1_57' title='bbox 906 1085 944 1138; x_wconf 79' lang='lat'>25</span> 
     </span>
     <span class='ocr_line' id='line_1_10' title="bbox 136 1178 892 1255; baseline 0.003 -19"><span class='ocrx_word' id='word_1_58' title='bbox 136 1178 243 1238; x_wconf 78' lang='lat' dir='ltr'>Vincet</span> <span class='ocrx_word' id='word_1_59' title='bbox 256 1179 307 1237; x_wconf 90' lang='lat' dir='ltr'>ubi</span> <span class='ocrx_word' id='word_1_60' title='bbox 321 1199 416 1238; x_wconf 87' lang='lat' dir='ltr'>erasas</span> <span class='ocrx_word' id='word_1_61' title='bbox 428 1181 518 1238; x_wconf 84' lang='lat' dir='ltr'>barba</span> <span class='ocrx_word' id='word_1_62' title='bbox 530 1179 666 1255; x_wconf 89' lang='lat' dir='ltr'>pudenda</span> <span class='ocrx_word' id='word_1_63' title='bbox 679 1198 777 1254; x_wconf 88' lang='lat' dir='ltr'>genas.</span> <span class='ocrx_word' id='word_1_64' title='bbox 887 1239 892 1246; x_wconf 70' lang='grc'><strong>,</strong></span> 
     </span>
     <span class='ocr_line' id='line_1_11' title="bbox 97 1277 718 1354; baseline 0 -18"><span class='ocrx_word' id='word_1_65' title='bbox 97 1280 170 1336; x_wconf 83' lang='lat' dir='ltr'>Cum</span> <span class='ocrx_word' id='word_1_66' title='bbox 182 1278 267 1336; x_wconf 89' lang='lat' dir='ltr'>fieret</span> <span class='ocrx_word' id='word_1_67' title='bbox 279 1281 378 1336; x_wconf 90' lang='lat' dir='ltr'>nostro</span> <span class='ocrx_word' id='word_1_68' title='bbox 391 1278 499 1337; x_wconf 90' lang='lat' dir='ltr'>totiens</span> <span class='ocrx_word' id='word_1_69' title='bbox 511 1277 620 1336; x_wconf 88' lang='lat' dir='ltr'>iniuria</span> <span class='ocrx_word' id='word_1_70' title='bbox 632 1277 718 1354; x_wconf 89' lang='lat' dir='ltr'>lecto,</span> 
     </span>
     <span class='ocr_line' id='line_1_12' title="bbox 134 1377 678 1436; baseline -0.002 -1"><span class='ocrx_word' id='word_1_71' title='bbox 134 1378 250 1436; x_wconf 89' lang='lat' dir='ltr'>Mutato</span> <span class='ocrx_word' id='word_1_72' title='bbox 263 1377 345 1436; x_wconf 86' lang='lat' dir='ltr'>volui</span> <span class='ocrx_word' id='word_1_73' title='bbox 358 1381 453 1436; x_wconf 87' lang='lat' dir='ltr'>castra</span> <span class='ocrx_word' id='word_1_74' title='bbox 465 1397 581 1436; x_wconf 86' lang='lat' dir='ltr'>movere</span> <span class='ocrx_word' id='word_1_75' title='bbox 594 1380 678 1436; x_wconf 80' lang='lat' dir='ltr'>toro.-</span> 
     </span>
     <span class='ocr_line' id='line_1_13' title="bbox 95 1476 859 1555; baseline 0.003 -20"><span class='ocrx_word' id='word_1_76' title='bbox 95 1478 211 1555; x_wconf 90' lang='lat' dir='ltr'>Pbyllis</span> <span class='ocrx_word' id='word_1_77' title='bbox 224 1478 389 1536; x_wconf 86' lang='lat' dir='ltr'>Aventinae</span> <span class='ocrx_word' id='word_1_78' title='bbox 403 1477 546 1555; x_wconf 84' lang='lat' dir='ltr'>quaedam</span> <span class='ocrx_word' id='word_1_79' title='bbox 560 1480 605 1535; x_wconf 90' lang='lat' dir='ltr'>est</span> <span class='ocrx_word' id='word_1_80' title='bbox 617 1476 715 1536; x_wconf 83' lang='lat' dir='ltr'>vicina</span> <span class='ocrx_word' id='word_1_81' title='bbox 728 1477 840 1537; x_wconf 86' lang='lat' dir='ltr'>Dianae</span> <span class='ocrx_word' id='word_1_82' title='bbox 851 1501 859 1553; x_wconf 93' lang='lat'>;</span> 
     </span>
     <span class='ocr_line' id='line_1_14' title="bbox 137 1574 945 1652; baseline 0.002 -18"><span class='ocrx_word' id='word_1_83' title='bbox 137 1575 238 1634; x_wconf 85' lang='lat' dir='ltr'>Sobria</span> <span class='ocrx_word' id='word_1_84' title='bbox 251 1579 334 1650; x_wconf 87' lang='lat' dir='ltr'>grata</span> <span class='ocrx_word' id='word_1_85' title='bbox 346 1595 469 1652; x_wconf 87' lang='lat' dir='ltr'>parum:</span> <span class='ocrx_word' id='word_1_86' title='bbox 493 1595 560 1633; x_wconf 93' lang='lat' dir='ltr'>cum</span> <span class='ocrx_word' id='word_1_87' title='bbox 575 1574 660 1648; x_wconf 87' lang='lat' dir='ltr'>bibit,</span> <span class='ocrx_word' id='word_1_88' title='bbox 676 1594 760 1635; x_wconf 92' lang='lat' dir='ltr'>omne</span> <span class='ocrx_word' id='word_1_89' title='bbox 773 1575 865 1636; x_wconf 87' lang='lat' dir='ltr'>decet.</span> <span class='ocrx_word' id='word_1_90' title='bbox 908 1582 945 1635; x_wconf 83' lang='lat'>30</span> 
     </span>
     <span class='ocr_line' id='line_1_15' title="bbox 98 1658 692 1751; baseline -0.002 -18"><span class='ocrx_word' id='word_1_91' title='bbox 98 1676 202 1734; x_wconf 86' lang='lat' dir='ltr'>Altera</span> <span class='ocrx_word' id='word_1_92' title='bbox 214 1675 351 1751; x_wconf 81' lang='lat' dir='ltr'>Tarpeios</span> <span class='ocrx_word' id='word_1_93' title='bbox 364 1680 406 1732; x_wconf 79' lang='lat' dir='ltr'>art</span> <span class='ocrx_word' id='word_1_94' title='bbox 418 1674 498 1732; x_wconf 90' lang='lat' dir='ltr'>iuter</span> <span class='ocrx_word' id='word_1_95' title='bbox 511 1673 582 1732; x_wconf 86' lang='lat' dir='ltr'>Teia</span> <span class='ocrx_word' id='word_1_96' title='bbox 594 1658 692 1749; x_wconf 88' lang='lat' dir='ltr'>lucos;</span> 
     </span>
     <span class='ocr_line' id='line_1_16' title="bbox 137 1771 765 1849; baseline 0.002 -18"><span class='ocrx_word' id='word_1_97' title='bbox 137 1773 273 1846; x_wconf 77' lang='lat' dir='ltr'>Candida,</span> <span class='ocrx_word' id='word_1_98' title='bbox 290 1773 340 1832; x_wconf 92' lang='lat' dir='ltr'>sed</span> <span class='ocrx_word' id='word_1_99' title='bbox 351 1777 437 1849; x_wconf 86' lang='lat' dir='ltr'>potae</span> <span class='ocrx_word' id='word_1_100' title='bbox 450 1791 509 1830; x_wconf 90' lang='lat' dir='ltr'>non</span> <span class='ocrx_word' id='word_1_101' title='bbox 524 1772 594 1831; x_wconf 87' lang='lat' dir='ltr'>satis</span> <span class='ocrx_word' id='word_1_102' title='bbox 607 1793 684 1831; x_wconf 91' lang='lat' dir='ltr'>unus</span> <span class='ocrx_word' id='word_1_103' title='bbox 700 1771 765 1833; x_wconf 89' lang='lat' dir='ltr'>crit.</span> 
     </span>
     <span class='ocr_line' id='line_1_17' title="bbox 97 1871 740 1947; baseline 0.003 -19"><span class='ocrx_word' id='word_1_104' title='bbox 97 1871 155 1930; x_wconf 86' lang='lat' dir='ltr'>His</span> <span class='ocrx_word' id='word_1_105' title='bbox 168 1891 221 1947; x_wconf 82' lang='lat' dir='ltr'>ego</span> <span class='ocrx_word' id='word_1_106' title='bbox 235 1871 373 1930; x_wconf 89' lang='lat' dir='ltr'>constitui</span> <span class='ocrx_word' id='word_1_107' title='bbox 386 1875 501 1930; x_wconf 88' lang='lat' dir='ltr'>noctem</span> <span class='ocrx_word' id='word_1_108' title='bbox 515 1871 606 1930; x_wconf 83' lang='lat' dir='ltr'>lenire</span> <span class='ocrx_word' id='word_1_109' title='bbox 620 1872 740 1945; x_wconf 84' lang='lat' dir='ltr'>vocatis,</span> 
     </span>
     <span class='ocr_line' id='line_1_18' title="bbox 138 1969 720 2045; baseline 0.005 -19"><span class='ocrx_word' id='word_1_110' title='bbox 138 1971 178 2029; x_wconf 80' lang='lat' dir='ltr'>Iit</span> <span class='ocrx_word' id='word_1_111' title='bbox 191 1971 304 2030; x_wconf 85' lang='lat' dir='ltr'>Venere</span> <span class='ocrx_word' id='word_1_112' title='bbox 317 1970 418 2045; x_wconf 86' lang='lat' dir='ltr'>ignota</span> <span class='ocrx_word' id='word_1_113' title='bbox 430 1969 512 2029; x_wconf 80' lang='lat' dir='ltr'>furta</span> <span class='ocrx_word' id='word_1_114' title='bbox 524 1990 632 2029; x_wconf 85' lang='lat' dir='ltr'>novare</span> <span class='ocrx_word' id='word_1_115' title='bbox 645 1990 720 2030; x_wconf 90' lang='lat' dir='ltr'>mea.</span> 
     </span>
     <span class='ocr_line' id='line_1_19' title="bbox 98 2069 946 2133; baseline 0.005 -6"><span class='ocrx_word' id='word_1_116' title='bbox 98 2069 182 2129; x_wconf 89' lang='lat' dir='ltr'>Unus</span> <span class='ocrx_word' id='word_1_117' title='bbox 196 2073 258 2129; x_wconf 89' lang='lat' dir='ltr'>crat</span> <span class='ocrx_word' id='word_1_118' title='bbox 270 2069 365 2128; x_wconf 86' lang='lat' dir='ltr'>tribus</span> <span class='ocrx_word' id='word_1_119' title='bbox 377 2069 410 2127; x_wconf 91' lang='lat' dir='ltr'>in</span> <span class='ocrx_word' id='word_1_120' title='bbox 424 2074 534 2129; x_wconf 87' lang='lat' dir='ltr'>secreta</span> <span class='ocrx_word' id='word_1_121' title='bbox 546 2071 675 2129; x_wconf 89' lang='lat' dir='ltr'>lectulus</span> <span class='ocrx_word' id='word_1_122' title='bbox 687 2071 789 2133; x_wconf 79' lang='lat' dir='ltr'>herba·</span> <span class='ocrx_word' id='word_1_123' title='bbox 910 2078 946 2131; x_wconf 86' lang='grc'>35</span> 
     </span>
     <span class='ocr_line' id='line_1_20' title="bbox 139 2169 791 2246; baseline 0 -18"><span class='ocrx_word' id='word_1_124' title='bbox 139 2169 259 2235; x_wconf 80' lang='lat' dir='ltr'>Quaeris</span> <span class='ocrx_word' id='word_1_125' title='bbox 272 2170 456 2229; x_wconf 72' lang='lat' dir='ltr'>discubitus?</span> <span class='ocrx_word' id='word_1_126' title='bbox 475 2169 554 2228; x_wconf 88' lang='lat' dir='ltr'>inter</span> <span class='ocrx_word' id='word_1_127' title='bbox 566 2174 724 2246; x_wconf 89' lang='lat' dir='ltr'>utramque</span> <span class='ocrx_word' id='word_1_128' title='bbox 736 2170 791 2229; x_wconf 76' lang='lat' dir='ltr'>lui.</span> 
     </span>
     <span class='ocr_line' id='line_1_21' title="bbox 99 2267 886 2345; baseline 0.004 -20"><span class='ocrx_word' id='word_1_129' title='bbox 99 2269 265 2344; x_wconf 82' lang='lat' dir='ltr'>Lygdamus</span> <span class='ocrx_word' id='word_1_130' title='bbox 278 2269 315 2326; x_wconf 89' lang='lat' dir='ltr'>ad</span> <span class='ocrx_word' id='word_1_131' title='bbox 328 2269 458 2345; x_wconf 84' lang='lat' dir='ltr'>cyathos,</span> <span class='ocrx_word' id='word_1_132' title='bbox 473 2267 604 2345; x_wconf 77' lang='lat' dir='ltr'>vitiique</span> <span class='ocrx_word' id='word_1_133' title='bbox 618 2268 730 2327; x_wconf 80' lang='lat' dir='ltr'>aestiva</span> <span class='ocrx_word' id='word_1_134' title='bbox 743 2269 886 2345; x_wconf 84' lang='lat' dir='ltr'>supellex,</span> 
     </span>
     <span class='ocr_line' id='line_1_22' title="bbox 27 2367 714 2445; baseline 0.004 -23"><span class='ocrx_word' id='word_1_135' title='bbox 27 2418 30 2422; x_wconf 87' lang='lat'>.</span> <span class='ocrx_word' id='word_1_136' title='bbox 138 2367 178 2425; x_wconf 84' lang='lat' dir='ltr'>Et</span> <span class='ocrx_word' id='word_1_137' title='bbox 190 2367 392 2445; x_wconf 84' lang='lat' dir='ltr'>Methymnaei</span> <span class='ocrx_word' id='word_1_138' title='bbox 405 2368 515 2425; x_wconf 83' lang='lat' dir='ltr'>Graeca</span> <span class='ocrx_word' id='word_1_139' title='bbox 527 2367 619 2425; x_wconf 87' lang='lat' dir='ltr'>saliva</span> <span class='ocrx_word' id='word_1_140' title='bbox 632 2367 714 2425; x_wconf 90' lang='lat' dir='ltr'>meri.</span> 
     </span>
     <span class='ocr_line' id='line_1_23' title="bbox 99 2465 788 2543; baseline 0.001 -20"><span class='ocrx_word' id='word_1_141' title='bbox 99 2465 167 2524; x_wconf 87' lang='lat' dir='ltr'>Nile</span> <span class='ocrx_word' id='word_1_142' title='bbox 180 2469 251 2524; x_wconf 90' lang='lat' dir='ltr'>tuus</span> <span class='ocrx_word' id='word_1_143' title='bbox 263 2467 372 2525; x_wconf 87' lang='lat' dir='ltr'>tibicen</span> <span class='ocrx_word' id='word_1_144' title='bbox 386 2469 457 2538; x_wconf 88' lang='lat' dir='ltr'>erat,</span> <span class='ocrx_word' id='word_1_145' title='bbox 474 2466 650 2524; x_wconf 87' lang='lat' dir='ltr'>crotalistria</span> <span class='ocrx_word' id='word_1_146' title='bbox 663 2465 788 2543; x_wconf 85' lang='lat' dir='ltr'>Phyllis,</span> 
     </span>
     <span class='ocr_line' id='line_1_24' title="bbox 138 2563 947 2641; baseline 0.007 -21"><span class='ocrx_word' id='word_1_147' title='bbox 138 2564 179 2623; x_wconf 80' lang='lat' dir='ltr'>Et</span> <span class='ocrx_word' id='word_1_148' title='bbox 191 2563 286 2622; x_wconf 78' lang='lat' dir='ltr'>facilis</span> <span class='ocrx_word' id='word_1_149' title='bbox 299 2565 396 2641; x_wconf 82' lang='lat' dir='ltr'>spargi</span> <span class='ocrx_word' id='word_1_150' title='bbox 409 2566 518 2622; x_wconf 88' lang='lat' dir='ltr'>munda</span> <span class='ocrx_word' id='word_1_151' title='bbox 531 2563 594 2624; x_wconf 89' lang='lat' dir='ltr'>sine</span> <span class='ocrx_word' id='word_1_152' title='bbox 608 2568 670 2625; x_wconf 90' lang='lat' dir='ltr'>arte</span> <span class='ocrx_word' id='word_1_153' title='bbox 682 2584 757 2625; x_wconf 86' lang='lat' dir='ltr'>rosa.</span> <span class='ocrx_word' id='word_1_154' title='bbox 911 2573 947 2626; x_wconf 81' lang='lat'>40</span> 
     </span>
     <span class='ocr_line' id='line_1_25' title="bbox 98 2661 966 2739; baseline 0.007 -19"><span class='ocrx_word' id='word_1_155' title='bbox 98 2661 204 2721; x_wconf 84' lang='lat' dir='ltr'>Nonus</span> <span class='ocrx_word' id='word_1_156' title='bbox 217 2665 248 2721; x_wconf 89' lang='lat' dir='ltr'>et</span> <span class='ocrx_word' id='word_1_157' title='bbox 259 2661 322 2739; x_wconf 90' lang='lat' dir='ltr'>ipse</span> <span class='ocrx_word' id='word_1_158' title='bbox 335 2682 402 2721; x_wconf 92' lang='lat' dir='ltr'>suos</span> <span class='ocrx_word' id='word_1_159' title='bbox 414 2662 543 2721; x_wconf 84' lang='lat' dir='ltr'>breviter</span> <span class='ocrx_word' id='word_1_160' title='bbox 556 2667 708 2723; x_wconf 88' lang='lat' dir='ltr'>concretus</span> <span class='ocrx_word' id='word_1_161' title='bbox 721 2664 754 2724; x_wconf 93' lang='lat' dir='ltr'>in</span> <span class='ocrx_word' id='word_1_162' title='bbox 767 2669 848 2726; x_wconf 81' lang='lat' dir='ltr'>artus</span> <span class='ocrx_word' id='word_1_163' title='bbox 958 2666 966 2681; x_wconf 74' lang='lat'><em>⁶</em></span> 
     </span>
     <span class='ocr_line' id='line_1_26' title="bbox 138 2761 757 2822; baseline 0.006 -4"><span class='ocrx_word' id='word_1_164' title='bbox 138 2761 273 2820; x_wconf 88' lang='lat' dir='ltr'>lactabat</span> <span class='ocrx_word' id='word_1_165' title='bbox 284 2764 404 2821; x_wconf 88' lang='lat' dir='ltr'>truncas</span> <span class='ocrx_word' id='word_1_166' title='bbox 417 2762 454 2819; x_wconf 90' lang='lat' dir='ltr'>ad</span> <span class='ocrx_word' id='word_1_167' title='bbox 467 2781 539 2821; x_wconf 87' lang='lat' dir='ltr'>cava</span> <span class='ocrx_word' id='word_1_168' title='bbox 551 2763 632 2820; x_wconf 85' lang='lat' dir='ltr'>buxa</span> <span class='ocrx_word' id='word_1_169' title='bbox 645 2783 757 2822; x_wconf 88' lang='lat' dir='ltr'>manus.</span> 
     </span>
    </p>
   </div>
   <div class='ocr_carea' id='block_1_3' title="bbox 98 2859 946 3432">
    <p class='ocr_par' dir='ltr' id='par_1_3' title="bbox 99 2859 862 3037">
     <span class='ocr_line' id='line_1_27' title="bbox 99 2859 862 2938; baseline 0.007 -21"><span class='ocrx_word' id='word_1_170' title='bbox 99 2859 156 2917; x_wconf 81' lang='lat' dir='ltr'>Sed</span> <span class='ocrx_word' id='word_1_171' title='bbox 168 2878 265 2938; x_wconf 91' lang='lat' dir='ltr'>neque</span> <span class='ocrx_word' id='word_1_172' title='bbox 278 2859 421 2937; x_wconf 90' lang='lat' dir='ltr'>suppletis</span> <span class='ocrx_word' id='word_1_173' title='bbox 433 2862 584 2920; x_wconf 87' lang='lat' dir='ltr'>constabat</span> <span class='ocrx_word' id='word_1_174' title='bbox 597 2861 714 2920; x_wconf 87' lang='lat' dir='ltr'>flamma</span> <span class='ocrx_word' id='word_1_175' title='bbox 726 2862 862 2936; x_wconf 89' lang='lat' dir='ltr'>lucernis,</span> 
     </span>
     <span class='ocr_line' id='line_1_28' title="bbox 136 2957 773 3037; baseline 0.006 -21"><span class='ocrx_word' id='word_1_176' title='bbox 136 2957 253 3018; x_wconf 85' lang='lat' dir='ltr'>Recidit</span> <span class='ocrx_word' id='word_1_177' title='bbox 265 2958 355 3036; x_wconf 90' lang='lat' dir='ltr'>inque</span> <span class='ocrx_word' id='word_1_178' title='bbox 369 2978 435 3017; x_wconf 91' lang='lat' dir='ltr'>suos</span> <span class='ocrx_word' id='word_1_179' title='bbox 448 2979 547 3018; x_wconf 91' lang='lat' dir='ltr'>mensa</span> <span class='ocrx_word' id='word_1_180' title='bbox 559 2959 664 3036; x_wconf 90' lang='lat' dir='ltr'>supina</span> <span class='ocrx_word' id='word_1_181' title='bbox 675 2960 773 3037; x_wconf 87' lang='lat' dir='ltr'>pedes.</span> 
     </span>
    </p>

    <p class='ocr_par' dir='ltr' id='par_1_4' title="bbox 98 3056 946 3233">
     <span class='ocr_line' id='line_1_29' title="bbox 98 3056 946 3135; baseline 0.007 -22"><span class='ocrx_word' id='word_1_182' title='bbox 98 3056 147 3114; x_wconf 89' lang='lat' dir='ltr'>Me</span> <span class='ocrx_word' id='word_1_183' title='bbox 157 3075 273 3134; x_wconf 91' lang='lat' dir='ltr'>quoque</span> <span class='ocrx_word' id='word_1_184' title='bbox 282 3077 335 3134; x_wconf 91' lang='lat' dir='ltr'>per</span> <span class='ocrx_word' id='word_1_185' title='bbox 341 3057 416 3117; x_wconf 87' lang='lat' dir='ltr'>talos</span> <span class='ocrx_word' id='word_1_186' title='bbox 424 3057 567 3117; x_wconf 88' lang='lat' dir='ltr'>Venerem</span> <span class='ocrx_word' id='word_1_187' title='bbox 578 3062 736 3135; x_wconf 88' lang='lat' dir='ltr'>quaerente</span> <span class='ocrx_word' id='word_1_188' title='bbox 747 3060 899 3120; x_wconf 77' lang='lat' dir='ltr'>secundom</span> <span class='ocrx_word' id='word_1_189' title='bbox 909 3066 946 3119; x_wconf 83' lang='grc'>45</span> 
     </span>
     <span class='ocr_line' id='line_1_30' title="bbox 139 3156 682 3233; baseline 0.002 -18"><span class='ocrx_word' id='word_1_190' title='bbox 139 3156 258 3233; x_wconf 82' lang='lat' dir='ltr'>Semper</span> <span class='ocrx_word' id='word_1_191' title='bbox 270 3156 399 3216; x_wconf 87' lang='lat' dir='ltr'>damnosi</span> <span class='ocrx_word' id='word_1_192' title='bbox 412 3157 573 3217; x_wconf 89' lang='lat' dir='ltr'>subsiluere</span> <span class='ocrx_word' id='word_1_193' title='bbox 587 3177 682 3217; x_wconf 87' lang='lat' dir='ltr'>canes.</span> 
     </span>
    </p>

    <p class='ocr_par' dir='ltr' id='par_1_5' title="bbox 100 3255 890 3432">
     <span class='ocr_line' id='line_1_31' title="bbox 100 3255 890 3333; baseline 0.006 -19"><span class='ocrx_word' id='word_1_194' title='bbox 100 3255 264 3315; x_wconf 80' lang='lat' dir='ltr'>Cantabant</span> <span class='ocrx_word' id='word_1_195' title='bbox 277 3255 372 3328; x_wconf 90' lang='lat' dir='ltr'>surdo,</span> <span class='ocrx_word' id='word_1_196' title='bbox 385 3255 537 3315; x_wconf 87' lang='lat' dir='ltr'>nudabant</span> <span class='ocrx_word' id='word_1_197' title='bbox 549 3261 667 3333; x_wconf 88' lang='lat' dir='ltr'>pectora</span> <span class='ocrx_word' id='word_1_198' title='bbox 680 3276 780 3318; x_wconf 87' lang='lat' dir='ltr'>caeco:</span> <span class='ocrx_word' id='word_1_199' title='bbox 887 3292 890 3318; x_wconf 65' lang='lat' dir='ltr'><strong>f</strong></span> 
     </span>
     <span class='ocr_line' id='line_1_32' title="bbox 138 3354 762 3432; baseline 0.006 -19"><span class='ocrx_word' id='word_1_200' title='bbox 138 3354 265 3414; x_wconf 87' lang='lat' dir='ltr'>Lanuvii</span> <span class='ocrx_word' id='word_1_201' title='bbox 278 3356 315 3413; x_wconf 91' lang='lat' dir='ltr'>ad</span> <span class='ocrx_word' id='word_1_202' title='bbox 327 3358 425 3432; x_wconf 87' lang='lat' dir='ltr'>portas</span> <span class='ocrx_word' id='word_1_203' title='bbox 438 3355 465 3415; x_wconf 90' lang='lat' dir='ltr'>ei</span> <span class='ocrx_word' id='word_1_204' title='bbox 478 3355 560 3429; x_wconf 89' lang='lat' dir='ltr'>mihi,</span> <span class='ocrx_word' id='word_1_205' title='bbox 576 3355 654 3415; x_wconf 86' lang='lat' dir='ltr'>solus</span> <span class='ocrx_word' id='word_1_206' title='bbox 667 3355 762 3417; x_wconf 85' lang='lat' dir='ltr'>eram!</span> 
     </span>
    </p>
   </div>
   <div class='ocr_carea' id='block_1_4' title="bbox 490 3472 512 3512">
    <p class='ocr_par' dir='ltr' id='par_1_6' title="bbox 490 3472 512 3512">
     <span class='ocr_line' id='line_1_33' title="bbox 490 3472 512 3512; baseline 0 0"><span class='ocrx_word' id='word_1_207' title='bbox 490 3472 512 3512; x_wconf 76' lang='grc' dir='ltr'><strong><em>Κ</em></strong></span> 
     </span>
    </p>
   </div>
   <div class='ocr_carea' id='block_1_5' title="bbox 0 0 1093 3720">
    <p class='ocr_par' dir='ltr' id='par_1_7' title="bbox 0 0 1093 3720">
     <span class='ocr_line' id='line_1_34' title="bbox 0 0 1093 3720; baseline 0 0"><span class='ocrx_word' id='word_1_208' title='bbox 0 0 1093 3720; x_wconf 95' lang='lat' dir='ltr'> </span> 
     </span>
    </p>
   </div>
  </div>
 </body>
</html>
