2168 3720
284 208 502 268 PROPERTII
521 210 581 271 ΕΙ..
602 213 629 284 Ι,
648 216 755 273 14.15.
911 217 945 276 17

94 367 176 432 Quae
189 366 264 425 mihi
278 367 348 424 dum
361 367 475 442 placata
489 368 590 441 aderit,
606 389 665 428 non
678 372 741 431 ulla
754 376 875 433 verebor

133 466 235 540 Regna
248 465 296 524 vel
310 465 427 524 Alcinoi
440 485 560 525 munera
574 468 729 544 despicere.

492 676 540 715 XV.

94 787 187 862 Saepe
202 805 255 860 ego
267 787 362 845 multa
374 790 444 846 tuae
457 788 588 847 levitatis
602 790 674 848 dura
687 791 833 866 timebam,

132 886 198 943 Hac
211 889 311 944 tamen
323 889 455 962 excepta,
472 888 609 964 Cynthia,
624 890 755 965 perfidia.

93 985 201 1060 Aspice
214 1005 261 1043 me
275 989 385 1061 quanto
398 986 494 1061 rapiat
505 987 626 1045 fortuna
638 988 766 1064 periclo:

133 1083 179 1140 Tu
192 1086 291 1141 tamen
303 1083 336 1141 in
348 1087 447 1142 nostro
460 1085 542 1144 lenta
551 1085 656 1144 timore
668 1087 760 1144 venis.
807 1090 809 1095 ’

92 1181 133 1239 Ε1
146 1185 229 1256 potes
241 1182 391 1240 hesternos
404 1183 539 1242 manibus
552 1202 720 1259 componere
734 1184 827 1244 crines
927 1194 944 1246 5

46 1293 53 1319 -’
133 1281 174 1338 Et
186 1281 274 1354 longa
285 1280 391 1339 faciem
403 1301 542 1358 quaerere
555 1283 673 1353 desidia,

93 1378 123 1436 N
124 1398 156 1436 ee
169 1379 266 1437 minus
280 1379 348 1437 Eois
361 1383 463 1455 pectus
476 1381 588 1439 variare
602 1381 720 1456 lapillis,

132 1478 175 1536 Ut
187 1477 311 1536 formosa
322 1498 398 1538 novo
412 1498 487 1554 quae
500 1482 584 1554 parat
597 1478 639 1536 ire
652 1480 724 1537 viro.

92 1578 136 1635 At
149 1596 207 1634 non
221 1576 261 1634 sio
276 1577 371 1635 Itbaci
386 1577 517 1651 digressu
531 1580 610 1634 mota
625 1577 748 1654 Calypso

132 1675 262 1734 Desertis
275 1675 346 1733 olim
357 1674 480 1733 fleverat
493 1676 683 1752 aequoribus:
906 1685 941 1738 10

92 1749 268 1832 Multosilla
281 1773 343 1832 dies
355 1773 510 1849 incomptis
522 1778 632 1833 maesta
646 1773 759 1850 capillis

133 1872 252 1932 Sederat
264 1873 373 1931 iniusto
386 1874 481 1932 multa
493 1873 592 1931 locuta
605 1874 674 1945 salo,

93 1972 133 2029 Et
145 1971 278 2048 quamvis
290 1990 451 2048 numquam
463 1972 601 2047 posthaec
614 1971 722 2044 visura,
738 1973 854 2031 dolebat

132 2069 191 2129 Illa
202 2072 301 2128 tamen
314 2070 418 2142 longae
431 2069 545 2128 conscia
557 2069 696 2128 laetitiae.

92 2167 154 2226 Nec
168 2168 208 2226 sic
222 2166 387 2226 Aesoniden
399 2165 580 2242 rapientibus
594 2168 683 2226 anxia
695 2167 793 2226 ventis
905 2173 940 2226 15

130 2267 298 2345 Hypsipyle
311 2287 403 2326 vacuo
417 2267 550 2326 constitit
562 2266 594 2324 in
608 2266 755 2324 thalamo:

90 2366 258 2445 Hypsipyle
270 2367 368 2424 nullos
380 2365 499 2442 postilla
512 2365 603 2424 sensit
616 2383 734 2437 amores,

128 2466 172 2524 Ut
186 2465 273 2524 semel
286 2463 448 2522 Haemonio
461 2463 559 2522 tabuit
571 2462 707 2539 bospitio.

91 2566 230 2641 Coniugis
242 2565 361 2624 Evadne
374 2564 494 2624 miseros
507 2566 584 2624 elata
596 2585 649 2641 per
661 2565 744 2639 ignes

130 2664 251 2737 Occidit,
266 2662 663 2741 Argiyaefamapudioitiaa.
901 2667 938 2719 20

37 2771 76 2814 (¹⁶)
89 2762 284 2838 Alphesiboea
297 2782 364 2821 suos
377 2762 442 2820 ulta
456 2765 500 2821 est
512 2781 564 2837 pro
578 2761 700 2835 coniuge
713 2760 827 2832 fratres,

36 2873 77 2917 (ιο)
130 2861 287 2936 Sanguinis
300 2863 331 2920 et
343 2861 403 2919 cari
416 2859 534 2919 vincula
546 2859 628 2935 rupit
640 2878 728 2918 amor.

33 3023 37 3028 ,
90 2961 221 3026 Quarum
234 2962 318 3019 nulla
329 2963 397 3018 tuos
408 2958 506 3035 potuit
519 2962 684 3017 convortere
697 2976 799 3029 mores,

129 3059 174 3118 Tu
187 3078 305 3137 quoque
317 3058 364 3118 uti
376 3059 461 3117 fieres
472 3057 578 3117 nobilis
590 3058 720 3118 historia.

88 3158 198 3218 Desine
210 3157 269 3217 iam
282 3175 416 3216 revocare
428 3155 489 3215 tuis
501 3155 630 3233 periuria
642 3155 748 3226 verbis,
899 3158 937 3210 25

129 3257 265 3335 Cynthia,
281 3260 312 3315 et
325 3255 430 3315 oblitos
442 3274 527 3331 parce
539 3274 655 3315 movere
668 3254 752 3314 deos:

88 3358 205 3430 Audax,
222 3359 259 3416 ah
272 3357 396 3416 nimium
409 3359 507 3415 nostro
521 3356 648 3416 dolitura
660 3356 779 3434 periclo,

501 3477 518 3517 c
