2168 3720
124 243 178 296 114
306 235 680 312 mormannum,
704 244 731 298 a.
755 245 782 298 a.

57 415 59 420 ·
159 395 300 454 Transeat
313 398 381 455 ante
393 415 472 455 meos
484 397 572 455 turba
583 399 684 471 togata
696 398 793 474 pedes.

120 495 180 554 Sex
193 499 333 571 superant
345 515 446 555 versus
460 495 513 572 (te,
530 495 582 573 qui
596 495 633 555 ad
645 495 811 556 vadimonia
824 497 927 570 curris,

158 592 226 651 Non
239 594 365 671 moror):
388 595 459 654 haee
473 594 575 671 spatiis
588 594 694 654 ultima
707 600 787 655 areta
799 598 883 656 meis.

120 692 214 769 Stipes
228 713 349 754 acernus
362 714 449 766 eram,
465 693 633 771 properanti
645 693 722 753 falae
734 695 859 768 dolatus,

158 794 238 851 Ante
251 793 378 852 Numam
392 796 475 867 grata
487 813 599 869 pauper
611 793 644 850 in
656 795 728 852 urbe
742 794 823 853 deus.
935 800 971 852 60

120 892 161 950 At
174 891 238 964 tibi,
254 892 406 964 Mamurri,
420 891 530 951 formae
544 892 670 951 caelator
683 894 802 966 ahenas,

159 990 260 1050 Tellus
273 991 398 1050 artifices
410 1010 448 1050 ne
461 994 538 1050 terat
552 991 627 1050 Osca
638 1011 751 1064 manus,

121 1089 179 1155 Qui
192 1109 239 1148 me
251 1092 312 1149 tam
325 1090 427 1148 docilis
439 1089 563 1166 potuisti
575 1089 698 1149 fundere
710 1089 743 1148 in
756 1111 837 1150 usus.

159 1192 259 1250 Unum
272 1211 344 1267 opus
358 1194 411 1264 est,
427 1190 507 1267 operi
519 1210 579 1249 non
592 1191 679 1250 datur
691 1211 770 1251 unus
781 1193 884 1252 honos.

522 1387 569 1427 111.

119 1488 198 1546 Haec
211 1488 359 1547 Arethusa
369 1507 424 1548 suo
436 1487 532 1547 mittit
544 1489 681 1548 mandata
693 1488 832 1566 Lycotae,

159 1587 233 1646 Cum
245 1587 354 1646 totiens
368 1586 444 1646 absis
457 1585 483 1645 si
495 1589 578 1663 potes
592 1607 653 1646 esse
666 1607 758 1669 meus.

121 1685 153 1744 si
166 1705 225 1761 qua
238 1688 337 1744 tamen
350 1685 406 1744 tibi
418 1686 531 1745 lecturo
544 1705 611 1771 pars
624 1685 717 1746 oblita
729 1685 832 1760 deerit,

157 1783 241 1843 Haec
255 1784 312 1844 erit
325 1804 341 1844 e
354 1784 481 1844 laarimis
492 1784 572 1844 facta
584 1785 676 1845 litura
687 1785 760 1844 meis
772 1806 780 1845 ε

120 1884 161 1942 nt
174 1883 199 1942 si
213 1904 272 1962 qua
284 1883 395 1944 incerto
408 1883 494 1944 fallet
506 1887 537 1944 te
550 1884 652 1943 littera
664 1886 771 1957 tractu,
954 1891 970 1943 5

160 1982 251 2058 Signa
263 2003 343 2043 meae
356 1983 477 2042 dextrae
490 1983 549 2041 iam
562 1981 713 2053 morientis
726 1985 823 2043 erunt.

120 2083 162 2142 Te
175 2084 259 2142 modo
273 2082 411 2142 viderunt
423 2082 544 2142 iteratos
557 2083 665 2150 Baetra
671 2102 727 2158 par
740 2087 825 2156 ortus,

159 2182 201 2241 Te
214 2182 298 2241 modo
310 2181 422 2241 munito
435 2181 581 2242 Neurieus
593 2181 686 2240 hostis
699 2200 783 2258 equo,

119 2279 305 2359 Hibernique
318 2282 418 2355 Getae,
433 2281 570 2359 pictoque
583 2280 737 2340 Britannia
750 2300 847 2353 curru,

160 2381 252 2440 Ustus
265 2384 295 2440 et
308 2382 369 2439 an
382 2380 493 2439 decolor
506 2381 600 2439 Indus
613 2399 698 2463 aqua.
936 2385 971 2436 10

119 2481 240 2540 Haeene
252 2480 358 2539 marita
370 2480 441 2539 fides
455 2483 485 2539 et
497 2484 596 2556 partae
609 2481 665 2537 iam
678 2478 750 2537 mitt
760 2482 870 2550 noctes,

160 2581 234 2639 Cum
246 2580 327 2638 rudis
340 2578 459 2654 urgenti
471 2576 590 2637 brachia
602 2577 681 2636 vieta
694 2577 785 2636 dedi?

121 2681 202 2745 Quae
215 2678 289 2737 mihi
302 2679 442 2738 deductae
454 2677 507 2738 fax
521 2696 605 2736 omen
617 2676 767 2753 praetulit,
782 2675 836 2735 illa

159 2777 263 2837 Traxit
277 2778 312 2836 ab
326 2796 425 2836 everso
438 2777 551 2834 lumina
563 2775 647 2851 nigra
660 2795 739 2850 rogo,

119 2877 160 2936 Et
174 2876 277 2954 Stygio
292 2895 356 2934 sum
370 2895 468 2952 sparsa
480 2876 556 2947 lacu,
571 2895 625 2934 nea
638 2878 718 2933 recta
731 2872 845 2951 capillis
936 2878 970 2931 15

158 2975 243 3035 Vitta
256 2975 325 3034 data
338 2978 391 3047 est,
406 2973 494 3050 nupsi
506 2993 566 3031 non
579 2973 735 3032 eomitante
749 2973 811 3032 deo.

120 3074 261 3133 Omnibus
274 3075 334 3132 heu
346 3072 438 3150 portis
451 3072 581 3148 pendent
594 3091 658 3131 mea
670 3071 759 3131 noxia
771 3075 841 3131 vota
853 3094 860 3130 :

159 3172 284 3231 Texitur
295 3173 367 3231 haee
381 3171 482 3231 eastris
496 3175 602 3247 quanta
613 3172 730 3230 laterna
741 3170 811 3230 tuis.

120 3271 247 3342 Occidet,
262 3270 400 3330 inmerita
413 3270 468 3348 qui
480 3269 587 3347 carpsit
600 3272 636 3330 ab
650 3271 751 3329 arbore
764 3269 876 3328 vallum

158 3371 199 3429 Et
212 3369 323 3428 struxit
336 3370 472 3446 querulas
486 3390 572 3429 rauca
586 3389 637 3445 per
651 3389 714 3428 ossa
726 3370 821 3442 tubas,
934 3375 971 3426 20
