2168 3720
142 237 197 289 132
358 230 577 289 ascensum
596 231 656 288 nn.
671 229 725 303 Π,
742 234 770 288 0.
858 286 862 294 ,

139 391 272 460 Dixerat,
288 391 319 448 et
332 387 406 447 sicco
419 391 515 448 torret
528 388 592 448 sitis
605 407 654 447 ora
667 388 774 464 palato,

178 491 325 566 Terraque
337 509 396 546 non
409 489 486 548 ullas
498 489 561 548 feta
572 489 719 547 ministrat
732 508 832 566 aquas.

138 590 195 647 Sed
207 589 309 664 procul
321 588 450 646 inclusas
463 589 547 647 audit
559 588 654 646 ridere
666 589 782 663 puellas

176 689 274 746 Lucus
287 686 337 744 cos·
348 688 483 745 umbroso
495 685 606 746 fecerat
619 688 687 745 orbo
699 706 812 755 nemus,

136 786 291 845 Femineae
303 786 368 844 loca
381 786 479 845 clausa
491 786 562 844 deae
574 775 874 862 fontesque'piandos,
950 790 988 843 25

175 885 292 960 Inpune
305 888 336 943 et
348 885 440 942 nullis
453 905 534 943 sacra
546 888 657 944 retecta
668 884 751 944 viris,

137 984 231 1042 Devia
243 983 384 1060 puniceae
398 984 536 1042 velabant
548 983 653 1043 limina
665 984 768 1056 vittae,
840 1029 843 1032 -

176 1083 276 1141 Putris
289 1083 407 1140 odorato
420 1083 541 1140 luxerat
552 1082 621 1156 igne
635 1101 710 1154 casa,

137 1181 267 1257 Populus
281 1184 311 1240 et
324 1181 419 1255 longis
432 1183 554 1240 ornabat
566 1181 718 1239 frondibus
731 1180 841 1254 aedem,

174 1280 331 1357 Multaque
344 1284 496 1339 cantantes
508 1282 612 1339 umbra
623 1281 743 1355 tegebat
756 1299 833 1338 aves.
949 1285 987 1338 30

139 1380 208 1437 Huc
221 1379 283 1438 ruit
295 1380 328 1437 in
341 1379 446 1437 siccam
459 1383 597 1454 congesta
608 1379 731 1455 pulvere
744 1380 873 1452 barbam,

176 1479 217 1538 ut
230 1478 301 1538 iacit
314 1482 383 1538 ante
394 1478 473 1536 fores
485 1480 575 1538 verba
586 1479 700 1538 minora
712 1479 775 1538 deo.

137 1578 226 1636 “Vos
238 1597 349 1653 precor,
365 1598 382 1636 o
395 1577 457 1635 luci
469 1597 549 1636 sacro
563 1597 638 1654 quae
651 1577 755 1636 luditis
767 1579 862 1650 antra

175 1678 299 1736 Pandite
312 1677 433 1736 defessis
445 1676 561 1753 hospita
566 1676 644 1752 sana
656 1675 737 1734 viris.

137 1776 239 1835 Fontis
253 1794 341 1849 egens
355 1795 427 1848 erro,
434 1796 577 1853 circaque
591 1776 724 1836 sonantia
735 1773 874 1854 lymphis,
948 1781 985 1834 35
1064 1773 1067 1777 ’

175 1875 215 1933 Et
228 1894 300 1934 cava
313 1885 447 1952 suscepto
460 1875 581 1935 flumine
594 1876 692 1953 palma
703 1879 751 1935 sat
763 1878 817 1935 est.

136 1974 307 2034 Audistisne
321 1974 458 2052 aliquem,
473 1978 556 2049 tergo
571 1975 624 2052 qui
637 1974 759 2033 ‘sustulit
771 1972 893 2050 orbem?

174 2074 231 2131 Ille
246 2093 298 2149 ego
313 2093 395 2133 sum:
418 2074 543 2132 Alciden
556 2077 635 2132 terra
647 2076 763 2154 recepta
775 2075 869 2131 vocat.

136 2174 209 2238 Quis
221 2173 301 2232 facta
314 2172 477 2231 Herculeae
491 2193 550 2231 non
563 2173 646 2232 audit
658 2172 747 2231 fortia
759 2172 858 2239 clavae

176 2273 215 2330 Et
228 2291 388 2348 numquam
402 2271 439 2328 ad
451 2275 548 2329 vastas
560 2270 644 2329 irrita
656 2272 718 2336 tela
729 2270 816 2341 ieras,
946 2273 985 2326 40

136 2371 237 2446 Atque
249 2370 303 2427 uni
318 2369 436 2446 Stygias
449 2369 561 2427 homini
574 2370 686 2428 luxisse
698 2366 857 2428 tenebras?

173 2467 323 2544 Accipite:
346 2474 377 2526 et
389 2467 465 2526 fesso
479 2487 532 2525 mx
546 2487 619 2525 nm
633 2487 725 2526 annm
738 2485 836 2525 sarna.

136 2567 215 2632 Quid
229 2566 253 2624 si
268 2566 377 2624 Iunoni
392 2585 504 2625 sacrum
517 2567 653 2626 faceretis
666 2565 801 2625 amarae?

173 2666 240 2724 Non
254 2665 405 2723 clausisset
418 2684 508 2742 aquas
521 2666 585 2742 ipsa
597 2684 721 2724 noverca
734 2684 810 2723 suas.

135 2766 187 2823 Sin
201 2764 328 2841 aliquem
341 2764 502 2841 vultusque
515 2784 597 2823 meus
611 2766 765 2840 saetaeque
778 2761 872 2822 leonis
947 2767 984 2819 45
1027 2804 1029 2808 ‡

173 2864 297 2922 Tenent
310 2866 340 2921 et
353 2862 465 2939 Libyco
480 2862 539 2921 sole
553 2867 673 2938 perusta
686 2882 784 2922 coma:

135 2964 218 3020 Idem
232 2981 285 3035 ego
300 2961 418 3019 Sidonia
430 2960 488 3019 feci
501 2961 619 3020 servilia
630 2962 712 3038 palla

45 3057 48 3068 ’
100 3056 101 3060 ¹
174 3062 275 3121 Officia
288 3067 318 3120 et
330 3062 413 3139 Lydo
426 3082 516 3138 pensa
529 3062 635 3121 diurna
648 3063 720 3136 colo,

133 3161 233 3218 Mollis
247 3163 277 3219 00
289 3159 438 3218 hirsutum
452 3161 530 3236 cepit
543 3161 617 3219 mihi
629 3161 720 3221 fascia
732 3164 844 3238 pectus,

172 3259 212 3317 Et
225 3258 359 3317 manibus
372 3260 453 3320 duris
467 3264 536 3336 apta
548 3261 649 3336 puella
662 3260 739 3319 fui.'’
946 3263 985 3315 50

132 3357 252 3417 Talibus
265 3357 400 3418 Alcides:
424 3363 455 3419 at
468 3359 579 3420 talibus
592 3361 670 3419 alma
684 3359 823 3430 sacerdos,
