2168 3720
30 3440 53 3472 h

79 177 177 245 mm
388 167 628 233 Pelusium.
692 138 696 143 ’

120 339 166 392 34.
192 338 237 392 19.
259 332 454 392 meos-umbras
464 332 502 404 N,
512 333 554 391 H.
595 351 667 390 mooe
679 330 788 390 umbrae
801 332 843 390 Η.
854 331 893 390 A.
906 333 933 390 I.

79 433 195 504 Munro,
212 432 329 509 optime.
362 464 367 472 ·
501 493 506 503 ,

118 537 165 590 34.
188 537 236 590 20.
258 531 343 590 stulto
357 531 394 604 N,
411 532 454 590 H.
494 529 570 588 mollo
584 528 734 587 Heinsius.

117 634 164 688 34.
187 636 235 688 29.
257 631 360 688 orocbto'
371 630 409 701 N,
424 629 557 687 Erecthei
568 629 658 703 vulgo
672 647 744 686 corr.
770 627 839 685 lecto
850 627 932 687 libri.

74 728 197 788 fortasse
206 729 322 803 plectri.
363 728 497 786 Erecthei
509 728 586 787 enim
604 747 710 785 nomen
728 725 847 803 aliquod
859 726 934 801 fleg-

74 827 141 885 itat.
183 828 250 886 lecti
261 827 546 904 (studyingoouoh),
562 826 740 900 Postgatius.

116 930 163 984 34.
186 931 234 984 31.
254 946 393 984 memorem
403 927 489 984 mosis
500 925 537 998 N,
545 926 630 983 mmo'o
638 943 777 982 memorem
785 924 934 983 Hambur·

75 1024 180 1098 gensis,
197 1025 257 1083 alii.
290 1024 382 1083 Mmc's
391 1024 528 1083 meliorem
541 1024 581 1096 H,
597 1043 635 1082 ex
647 1022 786 1097 Scaligeri
800 1023 934 1081 emenda·

74 1125 164 1184 tione.
186 1127 277 1185 Recte
284 1145 329 1184 me
340 1125 445 1183 iudice.
467 1123 669 1182 meliorMusis
678 1123 822 1182 estmolc'or
829 1123 934 1181 iudicio

75 1223 234 1296 Musarum,
257 1224 350 1282 Meso
370 1224 515 1297 coemtiou.
556 1223 668 1295 Musae,
685 1223 789 1280 chorus
809 1221 861 1299 qui
873 1241 935 1279 non

74 1322 168 1381 nescit
181 1342 287 1394 amare,
301 1322 398 1399 pluris
412 1321 569 1380 aestimant
583 1321 724 1381 lascivum
734 1325 850 1397 poetam
863 1321 934 1378 Phi-

73 1420 163 1479 letam
177 1440 290 1479 amores
305 1421 506 1492 meditantem,
518 1441 606 1498 quam
615 1420 730 1480 tristem
741 1439 837 1479 senem
847 1420 934 1477 illum

75 1519 253 1577 Erectheum
267 1519 387 1577 solitum
401 1539 483 1577 arma
495 1520 632 1597 virosque
643 1538 755 1578 canere.
790 1518 933 1599 1311111111-
966 1579 969 1584 ,

73 1638 129 1676 nus
148 1617 200 1694 qui
224 1619 321 1677 locum
342 1622 422 1678 reete
441 1619 577 1694 exposuit
600 1619 708 1695 optime
728 1619 854 1678 contulit
876 1618 932 1677 Ov.

75 1717 251 1776 1111117611
274 1717 323 1776 Me
341 1722 420 1776 certo
442 1718 559 1794 Sappho
579 1719 716 1776 moliorem
728 1719 802 1793 secet
820 1718 931 1776 omiooc.

75 1817 119 1874 De
139 1836 209 1875 vero
228 1837 315 1875 sensu
337 1814 549 1875 emendationis
571 1837 640 1876 suae
658 1837 718 1875 non
733 1817 818 1876 video
842 1800 933 1875 Siceli-

76 1934 178 1986 gerum
191 1915 288 1990 ipsum
298 1915 448 1989 cogitasse.
470 1916 611 1992 Meropem
624 1916 769 1991 Bergkius
783 1916 934 1992 splendide

76 2034 134 2072 non
148 2034 225 2074 vere.

117 2119 163 2172 34.
188 2119 235 2172 33.
257 2133 358 2173 rorem
380 2114 418 2172 N.
470 2120 517 2173 34.
541 2119 588 2173 34.
603 2115 702 2189 foetos
723 2115 762 2173 Ν.
813 2120 860 2174 34.
884 2115 932 2173 37.

78 2215 159 2274 om'om
173 2214 211 2271 N.

117 2318 164 2370 34.
189 2318 236 2373 39.
258 2313 325 2372 Nm
339 2313 528 2388 ompm'omroo
542 2314 572 2374 N
584 2333 629 2390 pr.
651 2313 862 2388 omphc'meooN
876 2333 933 2372 sec.

74 2411 282 2486 Amphimoom
302 2411 378 2470 houd
391 2417 514 2488 prosum
529 2414 570 2486 H,
587 2414 702 2488 prosim
721 2413 759 2472 N.
800 2412 935 2471 Paleium

76 2513 195 2568 secutus
210 2529 275 2567 sum
288 2510 346 2568 nisi
359 2511 438 2586 quod
445 2517 568 2586 meamet
580 2511 631 2570 ille
644 2511 727 2586 legit.

116 2613 162 2665 34.
186 2613 234 2666 41.
257 2613 284 2665 et
297 2609 375 2681 libri,
392 2611 433 2682 H,
451 2631 489 2669 ex
503 2610 639 2688 sequenti
654 2612 812 2686 sumptum.
841 2611 935 2669 cavel

73 2708 130 2766 iam
144 2708 188 2766 ed.
210 2707 256 2766 De
272 2708 371 2767 eodem
385 2709 532 2788 Aeschylo
545 2711 642 2788 pergit
652 2714 746 2787 poeta.
769 2710 884 2769 melcolm
893 2712 931 2782 N,

73 2806 201 2866 Achilleo
219 2806 271 2865 alii
291 2806 370 2880 libri,
395 2808 534 2883 Scaliger.
580 2810 637 2868 Sed
651 2809 688 2869 cf.
705 2809 864 2885 Sophocleo
889 2829 934 2868 eo-

75 2906 194 2980 thurno,
220 2906 274 2964 Ov.
289 2905 356 2963 Am.
378 2911 403 2965 1.
422 2912 530 2968 15.15.
686 2926 689 2935 ·

116 3008 163 3062 34.
185 3010 232 3063 53.
254 3005 366 3082 olc'qm'd
378 3005 495 3065 meetabet
507 3006 545 3079 N,
561 3008 649 3065 medos
663 3026 718 3066 om.
736 3007 774 3065 Ν.
816 3010 934 3066 metme-

77 3104 216 3161 m'tmcdm
228 3103 262 3176 P,
278 3104 368 3164 multi
381 3104 460 3163 libri.
482 3105 586 3182 aliquis
596 3106 880 3165 sodotmbo'tormodos
889 3105 931 3178 H,
977 3132 981 3137 ·

76 3202 215 3259 Iacobum
226 3206 353 3261 secutus.
399 3204 511 3280 olo'qm'd
521 3204 684 3264 mutabimus
697 3206 785 3264 modos
798 3205 833 3263 Ε.
849 3205 934 3264 Wes-

76 3301 266 3376 senberghius
285 3303 445 3362 celtissima
463 3304 637 3365 coniectura.
671 3305 702 3364 Si
721 3305 787 3382 quis
805 3304 931 3377 dubitet,
