2168 3720
261 239 479 298 PROPERTII
499 239 559 299 ΕΒ.
580 240 770 314 111,12.13.
905 245 939 297 91

91 399 169 456 Nam
184 415 368 474 quocumque
381 397 429 456 die
443 397 556 456 salvum
569 401 600 457 te
613 398 675 457 lata
687 397 847 470 remittent,

131 496 274 556 Pendebit
288 497 361 555 collo
376 496 461 556 Galla
474 497 581 572 pudica
593 501 655 556 tuo.

90 597 248 654 Postumus
261 595 336 653 alter
349 595 406 654 erit
418 595 550 653 miranda
563 595 685 670 coniuge
697 595 811 656 Ulixes.

131 693 198 752 Non
211 692 258 750 illi
270 694 375 767 longae
388 697 434 752 tot
447 713 572 752 nocuere
585 713 690 765 morae,

91 795 193 852 Castra
203 795 302 852 decem
313 813 463 866 annornm,
475 797 505 853 et
516 794 655 853 Ciconum
665 812 749 865 rusca,
759 794 872 852 Ismara
905 797 942 850 25

210 896 303 968 capta,

131 992 321 1068 Exustaeque
333 993 403 1050 tuae
417 1011 495 1061 mox,
511 991 700 1067 Polypheme,
716 1009 815 1065 genae,

91 1090 132 1147 nt
146 1089 245 1148 Circae
258 1089 384 1161 fraudes,
400 1089 535 1165 lotosque
547 1090 712 1166 herbaeque
725 1092 850 1158 tenaces,

132 1187 289 1264 Scyllaque
303 1192 334 1246 et
347 1188 474 1246 alternas
488 1187 575 1245 scissa
588 1187 750 1264 Charybdis
763 1207 862 1263 aquas,

91 1285 258 1360 Lampeties
271 1285 382 1344 Ithacis
395 1285 513 1344 veribus
526 1285 653 1359 mugisse
666 1285 803 1344 iuvencos

132 1385 268 1442 annmr
281 1403 337 1442 nos
350 1385 469 1443 Pnouao
482 1403 562 1443 rrum
575 1384 727 1442 Lnnrnrrn
906 1391 942 1442 30

48 1557 50 1561 ,
93 1483 133 1542 ut
146 1483 307 1542 thalamum
320 1484 434 1542 Aeaeae
447 1482 544 1542 ventis
556 1482 666 1558 fugisse
679 1484 804 1560 puellae,

132 1582 247 1659 Totque
259 1582 364 1642 hiemis
376 1587 476 1642 noctes
489 1587 593 1660 totque
606 1587 720 1643 natasse
733 1583 804 1656 dies,

92 1682 122 1739 N
122 1681 304 1759 igrantisque
317 1682 415 1740 domos
429 1681 592 1742 animarum
604 1683 728 1742 intrasse
742 1683 888 1754 silentum,

134 1780 269 1839 Sirenum
283 1780 369 1838 surdo
382 1781 492 1855 remige
506 1783 597 1841 adisse
610 1784 699 1856 lacus,

93 1880 134 1938 Et
147 1883 259 1938 veteres
275 1899 358 1938 arcus
371 1880 431 1938 leto
443 1900 595 1940 renovasse
607 1900 768 1957 procorum,
905 1886 941 1938 35

133 1978 305 2056 Errorisque
319 1978 364 2037 sui
379 1979 419 2038 sic
433 1980 569 2039 statuisse
582 1981 709 2038 modum.

94 2077 156 2135 Nec
168 2077 288 2150 frustra,
304 2077 374 2154 quia
388 2081 467 2136 casta
479 2079 556 2136 domi
569 2079 735 2154 persederat
746 2098 831 2138 uxor.

133 2177 237 2236 Vincet
249 2179 408 2254 Penelopea
420 2178 511 2236 Aelia
524 2177 609 2236 Galla
621 2177 719 2234 fidem.

485 2375 553 2414 xm.

97 2473 252 2545 Quaeritis,
268 2474 346 2532 unde
359 2472 452 2532 avidis
465 2492 525 2531 nox
540 2473 579 2533 sit
591 2471 716 2549 pretiosa
727 2472 844 2549 puellis,

134 2573 174 2631 Et
186 2572 300 2631 Venere
314 2573 472 2631 exhaustae
485 2573 589 2630 damna
603 2575 762 2649 querantur
775 2591 852 2648 opes.

96 2670 181 2728 Certa
195 2670 313 2747 quidem
326 2670 417 2730 tantis
431 2690 516 2729 causa
530 2674 560 2729 et
572 2670 727 2729 manifesta
738 2669 850 2728 ruinis:

135 2768 284 2828 Luxurias
297 2755 421 2829 nimium
433 2771 526 2829 libera
537 2770 617 2828 lacta
628 2769 677 2828 via
690 2771 744 2827 est.

95 2867 170 2925 Inda
184 2866 261 2926 cavis
275 2887 379 2928 aurum
391 2867 487 2928 mittit
498 2867 619 2925 formica
631 2866 767 2939 metallis,
927 2869 944 2920 5

134 2965 175 3024 Et
187 2965 271 3024 venit
284 2986 300 3025 e
312 2967 401 3024 rubro
415 2966 524 3025 concha
536 2965 663 3042 Erycina
677 2965 746 3036 salo,

96 3063 136 3122 Et
149 3063 241 3141 Tyros
255 3064 378 3123 ostrinos
390 3066 511 3141 praebet
525 3064 648 3123 Cadmea
661 3066 777 3135 colores,

136 3162 297 3221 Cinnamon
310 3167 340 3223 et
352 3163 440 3223 multi
452 3167 550 3240 pastor
563 3163 658 3222 odoris
671 3165 774 3222 Arabs.

95 3259 178 3318 Haec
192 3260 280 3319 etiam
292 3262 427 3337 nymphas
440 3265 612 3338 expugnant
626 3281 704 3320 arma
716 3261 846 3338 pudicas,

137 3357 277 3436 Quaeque
290 3360 399 3419 iterant
411 3360 515 3435 fastus,
531 3360 661 3434 Icarioti,
676 3364 755 3421 tuos.
911 3363 952 3415 lh
