2168 3720
278 238 496 299 PROPERTII
516 238 576 297 ΕΒ.
599 239 652 312 IV,
675 243 704 296 2.
879 242 934 296 113

83 400 129 458 Da
138 399 241 458 falcem
254 400 284 457 et
294 401 372 457 torto
381 396 758 473 frontemmihicomprime
767 394 870 456 faeno:
898 400 935 453 25

123 496 240 557 Iurabis
252 500 352 556 nostra
365 496 497 571 gramina
510 499 589 555 secta
602 515 700 556 manu.

84 598 176 655 Arma
187 595 246 656 tuli
259 596 405 673 quondam
419 597 458 669 et,
473 594 602 668 memini,
617 594 758 653 laudabar
770 594 803 652 in
815 593 876 652 illis
888 615 894 651 :

123 694 224 753 Corbis
236 694 269 752 in
281 694 417 771 imposito
429 694 556 772 pondere
569 714 677 753 messor
690 713 778 752 eram.

84 792 205 852 Sobrius
218 793 255 851 ad
267 792 352 852 lites:
375 796 407 852 at
420 813 487 852 cum
501 795 546 852 est
558 792 674 869 inposta
687 811 800 865 corona,

124 892 268 951 Clamabis
282 891 371 968 capiti
384 892 453 952 vina
467 893 579 952 subisse
592 912 665 951 meo.
771 927 774 933 «
794 897 797 902 ’
900 896 937 949 30

84 990 176 1063 Cinge
190 993 279 1067 caput
291 991 388 1065 mitra,
405 991 529 1068 speciem
542 991 662 1050 furabor
675 989 794 1049 Iacchi:

123 1089 255 1148 Furabor
266 1090 387 1163 Phoebi,
404 1090 526 1149 simodo
539 1091 651 1166 plectra
665 1089 756 1149 dabis.

85 1184 221 1247 cassibus
233 1188 378 1265 impositis
390 1208 499 1248 venor:
522 1190 573 1248 sed
586 1188 728 1247 arundine
742 1190 858 1265 sumpta

124 1288 245 1345 Faunus
258 1287 391 1362 plumoso
405 1306 470 1345 sum
483 1286 555 1345 deus
568 1286 701 1362 aucupio.

84 1387 139 1446 Est
152 1367 240 1445 etiam
253 1385 371 1461 aurigae
386 1386 495 1462 species
507 1386 699 1458 Vertumnus,
716 1388 747 1445 et
760 1386 832 1457 eius,
900 1391 936 1443 35

125 1484 235 1543 Traicit
248 1485 361 1544 alterno
376 1485 428 1562 qui
441 1484 507 1544 leve
519 1485 634 1560 pondus
647 1503 731 1562 equo.

86 1583 231 1659 Suppetat
243 1584 307 1656 hoc,
323 1583 417 1659 pisces
431 1583 541 1642 calamo
555 1583 723 1660 praedabor,
739 1586 770 1642 et
782 1583 830 1642 ibo

124 1681 254 1740 Mundus
267 1681 399 1740 demissis
411 1681 531 1740 institor
543 1682 576 1739 in
588 1681 706 1741 tunicis.

85 1780 235 1838 Pastorem
248 1780 285 1839 ad
296 1781 436 1839 baculum
448 1800 565 1858 possum
579 1802 704 1855 curuare,
720 1781 769 1840 vel
782 1781 860 1840 idem

127 1878 278 1954 sirpiculis
290 1879 386 1938 medio
401 1881 522 1957 pulvere
534 1881 612 1940 ferre
625 1901 728 1940 rosam.
900 1883 938 1936 40

86 1975 163 2034 Nam
173 1976 245 2052 quid
255 1996 308 2052 ego
317 1977 448 2051 adiciam,
460 1980 497 2039 de
507 1999 565 2057 quo
575 1979 648 2038 mihi
657 1979 786 2037 maxima
794 1977 873 2036 fama
883 1982 936 2050 est,

125 2074 287 2133 Hortorum
299 2074 332 2133 in
344 2077 479 2137 manibus
491 2079 567 2136 dona
579 2080 701 2154 probata
713 2077 785 2135 meis
795 2077 809 2135 l

87 2174 244 2233 Caeruleus
257 2177 388 2235 cucumis
400 2178 572 2255 tumidoque
586 2175 737 2235 cucurbita
750 2179 852 2234 ventre

125 2272 176 2330 lle
189 2276 273 2332 notat
286 2274 317 2333 et
329 2273 416 2334 iunco
428 2275 555 2335 brassica
568 2275 668 2334 vincta
680 2274 757 2333 levi:

87 2370 149 2430 Nea
162 2371 216 2430 flos
228 2373 309 2431 ullus
321 2373 386 2432 hiat
399 2374 500 2451 pratis,
517 2373 590 2451 quin
603 2373 655 2432 ille
669 2374 806 2431 decenter
901 2377 938 2429 45

126 2470 278 2545 Inpositus
290 2471 383 2531 fronti
396 2473 536 2548 langueat
548 2475 616 2531 ante
629 2491 719 2531 meae.
754 2506 757 2511 -

87 2568 130 2627 At
142 2568 225 2639 mihi,
241 2571 320 2645 quod
331 2570 439 2631 formas
451 2591 529 2631 unus
542 2573 676 2631 vertebar
688 2571 721 2628 in
733 2590 841 2643 omues,

127 2666 242 2725 Nomen
255 2669 292 2726 ab
306 2673 415 2728 eventu
427 2670 523 2745 patria
535 2669 638 2744 lingua
650 2670 740 2729 dedit.
842 2737 847 2747 ,

88 2765 128 2822 Et
141 2768 185 2836 tu,
201 2765 302 2839 Roma,
318 2766 390 2825 meis
403 2767 535 2827 tribuisti
547 2769 675 2844 praemia
688 2769 799 2841 Tuscis,

127 2864 213 2923 Unde
225 2865 312 2924 hodie
325 2866 408 2925 vicus
421 2867 539 2926 nomina
553 2867 664 2926 Tuscus
676 2868 774 2940 habet,
903 2871 940 2924 50

88 2960 229 3039 Tempore
243 2983 301 3041 quo
315 2965 399 3023 sociis
412 2966 496 3025 venit
508 2966 700 3044 Lycomedius
713 2965 800 3024 armis

127 3061 228 3138 Atoue
242 3062 350 3122 Sabina
362 3063 420 3123 ieri
433 3064 567 3126 contudit
580 3085 660 3125 arma
673 3064 749 3125 Tati.

88 3158 157 3217 Vidi
171 3178 224 3235 ego
237 3160 369 3221 labentes
382 3162 459 3221 acies
476 3167 506 3222 et
518 3163 579 3222 tela
593 3163 708 3237 caduca,

127 3262 229 3335 Atque
242 3260 341 3319 hostes
353 3261 436 3339 turpi
448 3264 532 3336 terga
544 3262 657 3321 dedisse
670 3261 766 3336 fugae.

90 3356 147 3414 Sed
159 3355 259 3430 facias,
275 3357 376 3417 divum
391 3362 476 3431 sator,
493 3364 529 3417 ut
542 3359 673 3418 Romana
685 3379 738 3438 per
751 3378 857 3419 aevum
904 3364 941 3415 da
1013 3382 1036 3505 Ι

512 3479 526 3518 1
