2168 3720
291 229 512 288 PROPERTII
532 229 592 287 EL.
609 231 665 303 IV,
681 236 708 288 6.
725 230 752 288 7.
896 235 950 288 125

135 386 249 445 Reddat
263 385 346 461 signa
359 386 461 445 Remi:
483 408 553 446 mox
566 383 649 447 dabit
661 388 724 464 ipse
739 408 799 446 sua.
915 393 952 446 80

96 487 165 546 Sive
179 485 291 562 aliquid
303 485 449 560 pharetris
462 486 616 560 Augustus
629 492 730 562 parcet
743 487 821 557 Eois,

134 584 261 642 Differat
273 583 306 642 in
318 603 423 659 pueros
436 583 494 641 ista
507 587 626 661 tropaea
639 606 715 646 suos.

95 685 205 758 Gaude,
221 683 330 755 Crasse,
346 683 447 758 nigras
461 683 571 760 siquid
585 685 662 760 sapis
675 684 753 743 inter
766 686 909 745 harenas:

133 782 182 840 Ire
195 801 251 858 per
261 783 434 858 Euphraten
448 782 485 839 ad
497 785 550 840 tua
563 769 651 840 busta
666 783 746 841 licet.

95 883 143 941 Sic
155 886 271 941 noctem
284 886 394 958 patera,
411 881 452 940 sic
466 882 569 940 ducam
583 883 719 954 carmine,
735 884 826 943 donec
914 890 950 941 85

135 981 243 1039 Iniciet
255 981 351 1039 radios
363 981 396 1038 in
409 1000 474 1039 meu
486 980 557 1039 vina
571 981 642 1040 dies.

497 1178 551 1217 VII.

96 1281 174 1339 Sunt
187 1279 301 1357 aliquid
314 1279 434 1338 Manes:
457 1280 552 1338 letum
564 1299 623 1337 non
638 1280 734 1339 omnia
747 1280 823 1352 finit,

133 1378 302 1455 Luridaque
316 1378 426 1436 euictos
440 1377 547 1453 effugit
559 1380 664 1437 umbra
676 1399 769 1453 rogos.

95 1478 224 1556 Cynthia
236 1497 362 1554 namque
375 1496 439 1535 meo
452 1476 515 1535 visa
528 1480 573 1535 est
585 1476 752 1536 incumbere
766 1478 869 1552 fulcro,

134 1577 269 1635 Murmur
283 1577 319 1635 ad
333 1580 480 1635 extremae
494 1595 588 1651 nuper
600 1577 722 1634 humata
735 1575 809 1648 viae,

96 1677 170 1735 (ium
182 1676 256 1734 mihi
269 1695 386 1734 somnus
400 1677 435 1733 ab
450 1674 583 1752 exequiis
596 1676 736 1750 penderet
749 1696 870 1749 amarus,
931 1682 948 1733 5

134 1775 175 1834 Et
188 1794 325 1851 quererer
337 1773 408 1832 lecti
420 1773 529 1849 frigida
541 1793 632 1848 regna
644 1775 711 1833 mei.

94 1874 220 1931 Eosdem
233 1873 338 1930 habuit
351 1892 457 1944 secum,
474 1871 581 1948 quibus
595 1876 640 1930 est
654 1873 739 1944 elata,
756 1874 883 1950 capillos,

133 1972 257 2030 Ilosdem
271 1972 387 2029 oculos:
410 1971 497 2028 lateri
510 1971 600 2030 restis
615 1971 719 2029 adusta
731 1971 800 2044 fuit,

94 2071 134 2128 Et
148 2071 267 2128 solitum
281 2069 372 2143 digito
386 2069 519 2145 beryllon
533 2069 669 2126 adederat
682 2069 768 2143 ignis,

135 2170 310 2245 Summaque
324 2168 471 2225 Lethaeus
483 2165 608 2224 triverat
621 2187 671 2224 ora
683 2167 791 2244 liquor.
911 2175 946 2228 10

94 2268 296 2345 Spirantisque
310 2266 420 2324 animos
434 2269 464 2324 et
478 2285 578 2324 vocem
590 2265 688 2324 misit:
711 2266 801 2324 atilli

132 2367 292 2426 Pollicibus
304 2366 424 2440 fragiles
437 2365 608 2440 increpuere
622 2385 735 2424 manus.

94 2474 113 2501 “
124 2469 247 2539 Perside,
262 2487 315 2526 nec
329 2467 466 2543 cuiquam
479 2465 581 2524 melior
595 2467 736 2543 sperande
749 2468 875 2543 puellae,
991 2460 998 2476 ’

132 2567 171 2625 In
183 2570 214 2625 te
227 2566 286 2624 iam
299 2566 376 2624 vires
390 2585 506 2624 somnus
519 2565 625 2623 habere
639 2566 761 2640 potest?

93 2669 195 2726 Iamne
208 2667 264 2725 tibi
278 2667 449 2725 exciderant
462 2665 595 2739 uigilacis
609 2665 691 2724 furta
706 2666 837 2726 Suburae
910 2672 945 2725 15

132 2767 172 2824 Ilt
185 2785 249 2823 mea
262 2763 414 2822 nocturnis
426 2763 498 2822 trita
511 2763 641 2821 fenestra
653 2763 750 2823 dolis?

92 2864 149 2922 Per
162 2884 255 2941 quam
263 2863 386 2921 demisso
400 2863 536 2938 quotiens
549 2861 606 2919 tibi
618 2862 690 2921 fune
703 2865 838 2939 pependi,

131 2964 256 3023 Alterna
268 2961 389 3020 veniens
402 2960 434 3018 iu
446 2963 500 3018 tua
513 2960 588 3018 eolla
600 2980 689 3018 manu
701 2961 708 3020 l

90 3062 183 3138 Saepe
198 3063 298 3121 Venus
311 3060 398 3120 trivio
412 3058 562 3118 commiara
575 3063 627 3130 est,
643 3064 760 3135 pectore
773 3062 867 3122 mixto

131 3162 277 3221 Fecerunt
290 3160 403 3237 tepidas
416 3159 507 3234 pallia
520 3165 620 3217 nostra
632 3159 704 3219 vias.
907 3167 945 3221 20

10 3314 17 3331 x
91 3259 227 3318 Foederis
240 3261 299 3317 heu
312 3257 413 3317 taciti!
435 3257 518 3315 cuius
531 3257 649 3317 fallacia
663 3261 751 3318 verba

131 3361 160 3417 N
162 3380 198 3418 on
213 3360 342 3419 audituri
354 3358 501 3435 diripuere
515 3358 595 3418 Noti.
