2168 3720
438 206 559 265 LIBER
579 207 633 264 IV.
884 203 949 262 xlix

154 369 182 422 2.
206 319 254 422 53.
277 369 352 423 orato
362 364 400 436 N,
411 365 489 441 quod
501 363 686 424 retinendum
696 366 768 421 erat.
790 367 861 423 orata
871 362 906 434 G,
918 362 959 419 H.

117 463 173 522 Sed
185 462 224 521 ot.
240 462 317 521 Plin.
334 468 362 521 8.
378 467 425 520 42.
442 467 497 521 65:
522 466 656 538 ‘peraeto
673 461 805 536 legitimo
824 481 911 520 olusu
924 461 961 520 ad

115 565 224 620 cretam
237 562 365 620 stetere!
407 561 501 634 Creta,
526 580 585 639 qua
605 565 684 620 meta
706 560 885 637 signabatur,
909 579 961 636 pro

113 664 193 721 meta
204 661 269 737 ipsa
282 663 351 721 atat.

152 765 182 819 2.
205 765 253 818 59.
274 760 360 834 atr'pio
373 760 412 818 N.
658 765 685 817 3.
710 764 735 817 1.
757 758 836 817 Hora
849 777 905 816 om.
921 758 959 816 N.

156 863 185 916 3.
206 858 233 917 7.
255 858 364 918 Bootra
375 878 430 933 por
447 863 524 917 ortas
537 877 593 916 orn
619 857 656 917 N.
697 857 836 916 iteratos:
860 876 877 914 a
903 856 962 914 sole

114 957 177 1016 soil.
193 957 231 1016 of.
245 962 270 1017 1.
283 962 330 1031 81,
347 978 443 1035 supra.
485 958 538 1016 Ov.
550 957 630 1015 Fast.
644 961 753 1016 3199:
769 956 962 1031 Phoebusque

112 1055 266 1115 iteraverit
280 1060 370 1116 ortuo.
491 1063 518 1115 3.
541 1062 569 1118 5.
590 1056 634 1115 Et
646 1057 684 1129 N,
700 1057 765 1115 Aac
778 1055 810 1112 H
822 1054 921 1128 vulgo.

156 1158 183 1212 3.
207 1158 234 1212 8.
256 1157 379 1214 munitor
393 1155 499 1215 loriam
512 1156 551 1215 N.
592 1156 732 1215 Naurum
746 1155 879 1223 Iacobus.

157 1257 184 1311 3.
209 1257 255 1312 10.
276 1254 393 1313 discolor
406 1253 445 1313 N.
487 1254 566 1313 Olim
578 1255 775 1330 temptabam:

247 1353 356 1412 Vastus
369 1356 400 1413 et
412 1354 489 1411 ane
503 1352 626 1411 discolor
638 1353 732 1410 Indus
745 1371 837 1428 aquae

113 1453 159 1511 ita
180 1455 216 1512 ut
236 1452 339 1524 Indus,
363 1452 493 1511 omnium
512 1453 667 1511 fluminum
689 1451 844 1523 maximus,
867 1451 903 1509 ut
923 1448 967 1508 ait

115 1550 228 1619 Cicero,
246 1550 464 1625 intelligeretur
485 1550 586 1628 rapido
608 1570 695 1610 eursu
716 1550 748 1608 in
770 1569 850 1608 mare
871 1549 965 1606 fluens

115 1651 147 1708 et
161 1649 285 1707 oolorem
303 1648 450 1708 diversum
466 1650 605 1708 fluctibus
627 1667 723 1707 oeoum
744 1647 882 1706 inferens.
924 1647 965 1705 nt

114 1749 160 1808 ita
172 1748 386 1825 interpretabar
398 1749 474 1807 illud
487 1748 607 1820 catulli,
625 1753 669 1805 ll.
687 1748 714 1806 7.

158 1847 227 1906 Sive
240 1866 299 1924 qua
312 1847 556 1922 septemgeminus
569 1847 679 1905 colorat
691 1847 828 1923 Aequora
840 1845 870 1902 N
869 1844 937 1902 ilus.

118 1945 176 2004 Sed
189 1945 215 2004 ai
234 1945 351 2004 cliooolor
368 1947 400 2004 in
421 1946 524 2005 decolor
544 1950 691 2005 mutemus
707 1944 784 2003 nihil
802 1944 882 2002 ultra
902 1963 967 2001 mu·

114 2044 240 2102 tandum
251 2043 378 2103 videtur.
426 2045 507 2104 Noton
520 2048 601 2120 puto,
616 2044 694 2103 idern
708 2047 753 2102 est
765 2062 798 2101 ao
813 2046 967 2117 peroratur:

116 2143 181 2200 Eoo
193 2161 265 2219 aquo
278 2142 422 2217 signifieat
435 2144 472 2202 ad
485 2163 583 2220 aquom
595 2144 693 2214 anm,
713 2146 744 2200 et
756 2143 844 2199 Indue
858 2139 968 2214 gentile

117 2259 226 2299 nomen
239 2244 292 2299 est.
333 2241 505 2318 Disputavit
517 2243 553 2301 de
566 2243 621 2301 hoo
639 2243 702 2300 looo
712 2241 753 2299 H.
768 2241 806 2299 A.
821 2240 848 2297 Ι.
860 2239 967 2297 Munro

117 2339 255 2415 (Journal
271 2338 302 2398 of
314 2340 477 2418 Philology,
492 2341 550 2399 vol.
565 2341 615 2413 vi,
631 2360 661 2416 p.
677 2340 738 2416 63).

161 2441 188 2497 3.
212 2442 258 2498 ll.
274 2457 361 2513 poree
379 2439 442 2498 ania
461 2444 549 2498 norton
569 2439 607 2510 N,
629 2438 742 2497 vitiose.
778 2442 878 2512 partae
898 2437 970 2496 milri

117 2542 207 2594 motor
220 2537 256 2596 G.
278 2543 379 2613 poetae
398 2543 463 2597 root
475 2539 547 2597 mila
559 2539 639 2597 codd.
655 2537 768 2614 aliquot
782 2541 811 2596 et
828 2537 869 2594 H.
912 2537 970 2595 Sed

118 2635 279 2695 Perusinus
297 2656 396 2696 omnes
408 2637 501 2696 vineit
520 2637 577 2695 iam
597 2656 722 2707 servans,
745 2637 823 2713 quod
842 2636 874 2692 in
886 2635 970 2693 libris

118 2738 225 2810 posteo
235 2738 302 2794 ante
312 2756 340 2793 m
349 2735 467 2794 excidit.
498 2736 567 2794 Tam
578 2735 652 2793 ooni.
664 2735 701 2795 R.
715 2735 847 2795 Shilleto.
869 2738 970 2808 poetae

118 2839 147 2892 ot
159 2833 232 2893 mihi·
240 2835 345 2910 glaudio
357 2836 444 2893 noetio
458 2835 491 2892 L.
506 2834 678 2893 Muellerun

162 2939 189 2994 3.
213 2939 259 2993 19.
283 2955 350 3014 quoe
364 2937 402 2997 N.
694 2941 722 2993 3.
744 2940 791 2992 23.
814 2935 877 2992 dum
890 2933 928 2991 N.

161 3039 188 3092 3.
211 3039 258 3092 34.
278 3035 386 3111 qloclioo
399 3036 437 3094 N.
477 3110 480 3114 ἢ
524 3041 551 3093 3.
575 3040 621 3093 36.
649 3035 725 3102 Quod
738 3033 777 3092 N.
817 3052 881 3109 aquo
893 3032 932 3089 N.

162 3138 189 3190 3.
212 3135 259 3191 37.
286 3134 372 3210 Ooyor
384 3133 423 3192 N.
468 3134 556 3193 Oooor
569 3132 781 3203 Broukhusius,
797 3131 838 3190 H.

163 3236 191 3288 3.
213 3236 259 3289 48.
281 3232 401 3308 Africae
413 3233 483 3290 libri
497 3230 636 3308 (Affiiouo
649 3232 704 3307 N),
714 3231 822 3305 Aprioo
836 3229 876 3300 H,
893 3247 972 3286 esua

122 3329 297 3404 coniectura,
320 3331 396 3391 talea
417 3332 541 3391 lectione
568 3332 662 3405 aprico
685 3335 711 3387 4.
739 3335 784 3388 10.
810 3334 845 3388 18
868 3328 970 3386 fretun.
