2168 3720
115 247 136 283 x
425 222 665 280 PRAEFATIO.

117 390 141 441 1.
161 389 205 441 13.
225 385 270 442 17.
312 382 357 440 Cf.
374 387 400 439 3.
417 388 444 452 6,
461 386 516 437 35:
546 379 628 444 Quae
647 379 704 437 tibi
724 378 749 436 si
768 380 840 436 ueris
861 378 966 435 animis

116 481 161 540 est
184 487 288 558 questu
300 482 408 556 puella.
455 479 599 549 Catullus,
616 483 663 536 66.
682 482 737 536 18;
761 477 837 551 Non,
856 477 900 534 ita
919 497 966 535 me

114 582 184 650 divi,
200 602 264 639 uera
275 585 396 656 peruuart,
412 578 531 636 inerint.
831 593 836 601 ·

154 686 181 736 8.
205 685 251 738 25.
273 679 390 736 atraciis
404 678 441 745 N,
454 677 605 733 Auturs'er'a
614 676 654 744 H,
671 675 730 732 alii.
760 674 860 733 Lectio
869 677 925 732 hoc
936 680 967 733 et

114 778 249 853 sequenti
267 797 355 834 versu
368 777 479 833 ineerta
492 779 545 832 est.
588 773 697 848 Scripsi
710 774 850 832 Artaciis.
891 774 968 830 Vide

114 878 212 952 Apoll.
228 877 322 933 Rhod.
330 878 400 948 Arg.
416 880 440 930 1.
453 879 510 930 954
525 893 605 949 seqq.
620 894 627 929 :
650 871 737 932 καλὸς
752 871 783 930 δὲ
795 873 883 947 λιμὴν
901 874 968 930 ὑπέ-

113 975 195 1032 δεκτο
223 973 344 1032 θέουσαν
368 1017 375 1030 .
401 1020 408 1031 .
434 973 544 1047 ,κρήνῃ
567 973 613 1028 ὑπ’
636 969 780 1047 Ἀρτακίῃ.
822 971 868 1029 Cf.
892 974 965 1042 Arg.

116 1073 207 1148 Orph.
229 1078 296 1130 496.

154 1177 181 1228 8.
204 1177 250 1228 26.
274 1171 355 1228 tilea’a
369 1170 406 1239 N,
422 1169 537 1245 Hylleia
550 1169 694 1240 Muretus,
710 1170 771 1227 alii.
807 1169 853 1228 cf.
865 1171 964 1245 Apoll.

115 1270 209 1327 Rhod.
225 1271 296 1342 Arg.
312 1275 340 1325 4.
357 1274 424 1325 523.

155 1375 182 1428 8.
206 1370 252 1425 27.
274 1373 335 1425 erut
345 1368 383 1436 N,
399 1369 455 1425 erit
463 1366 506 1450 H,
519 1371 588 1424 eett.
615 1367 706 1424 Reote
720 1372 797 1425 erat:
817 1368 895 1424 “she
907 1387 967 1426 was

116 1468 185 1524 here
199 1467 240 1523 all
252 1466 296 1522 thu
309 1466 389 1523 while
403 1467 460 1523 and
472 1468 543 1523 here
557 1468 608 1523 she
622 1466 779 1523 remains.’'

156 1571 183 1621 8.
206 1570 253 1622 45.
275 1564 401 1622 subducit
414 1564 451 1630 N,
465 1565 506 1623 H.
547 1563 675 1621 subducet
688 1565 733 1624 ed.
748 1565 808 1622 alii.

155 1668 182 1720 9.
206 1669 233 1719 4.
255 1665 347 1738 queuis
361 1663 398 1733 N,
415 1665 523 1740 quueuu'r
532 1662 573 1733 H,
587 1664 686 1736 vulgo.
721 1666 816 1739 quouis
829 1665 862 1721 P.
890 1665 967 1722 Puto

115 1763 224 1834 quaevis
237 1761 434 1820 accusativum
448 1781 519 1820 esse.
544 1762 677 1819 “Puella
690 1781 765 1837 quae
778 1763 861 1820 modo
875 1783 966 1821 mere·

115 1863 176 1920 trix
184 1862 296 1920 venalis
307 1866 368 1919 erat
379 1862 430 1937 (ef.
447 1869 474 1919 4.
491 1862 518 1919 7.
529 1867 575 1930 39,
589 1882 664 1938 quae
677 1863 761 1921 modo
773 1882 826 1937 per
838 1864 913 1922 viles
922 1865 967 1922 in·

117 1964 265 2035 speotsest
273 1960 393 2035 puplica
401 1961 513 2035 noctes)
522 1979 601 2018 nune
609 1960 666 2018 tibi
676 1961 822 2036 quidlibet
831 1962 965 2037 imperat.

117 2059 161 2116 ef.
172 2059 270 2116 Pleut.
281 2059 365 2116 Asin.
379 2063 406 2115 3.
419 2063 446 2115 3.
460 2063 508 2129 81,
522 2059 669 2135 “quidvis
684 2064 798 2133 egestas
810 2061 964 2136 imperat.'’

157 2163 183 2214 9.
209 2162 254 2216 13.
276 2177 399 2231 conpone
413 2157 451 2228 N,
467 2156 508 2228 H,
533 2159 633 2232 depone
647 2158 680 2216 P.
712 2177 836 2233 cenapum
849 2159 967 2235 irrepsit

116 2261 235 2332 propter
248 2257 373 2314 vicinam
387 2276 486 2314 vocem
501 2256 613 2324 libellus,
630 2277 688 2332 quo
707 2257 739 2315 in
757 2278 863 2332 genere
882 2279 967 2334 saepe

115 2360 237 2431 peceant
251 2376 348 2413 omnes
361 2356 430 2413 libri
443 2356 636 2432 Propertiani.
722 2363 750 2416 9.
775 2364 822 2416 14.
845 2359 878 2416 E
887 2359 926 2416 N.

156 2460 183 2512 9.
204 2459 251 2514 29.
273 2456 345 2512 eutis
365 2455 579 2529 Groninganus,
594 2476 684 2531 prava
698 2456 932 2532 interpolatione.

156 2560 183 2612 9.
207 2559 253 2612 30.
275 2553 376 2629 ausuqe
390 2553 520 2612 eodioes.'
553 2554 635 2617 Gorr.
648 2556 773 2614 Boltius.

156 2659 182 2710 9.
206 2658 253 2710 31.
275 2657 302 2709 et
309 2653 421 2726 possint
435 2653 473 2725 N,
484 2661 602 2728 possunt
615 2660 642 2712 et
654 2655 686 2712 H
700 2675 767 2712 oum
781 2654 854 2713 aliis.

155 2758 183 2810 9.
205 2757 252 2811 34.
274 2772 327 2828 quo
340 2752 470 2810 oodioes:
494 2773 548 2829 qua
561 2754 661 2812 Dousa
673 2754 727 2825 fil,
743 2753 777 2811 L.
794 2753 966 2812 Muellerus.

114 2872 166 2929 quo
179 2852 261 2910 veuit
275 2853 311 2910 ab
324 2871 423 2909 amore.
520 2907 522 2912 ,
598 2858 643 2910 10.
668 2857 713 2910 11.
735 2853 874 2911 concedere
887 2853 925 2910 N.
1031 2858 1037 2871 '

156 2956 201 3009 10.
227 2955 271 3008 15.
294 2951 413 3008 detersos
424 2950 461 3021 N,
483 2950 523 3007 Η.
572 2952 673 3008 diuisos
695 2951 740 3008 ed.
761 2956 791 3009 et
814 2951 965 3010 Heinsius.

112 3050 212 3108 Dividi
222 3052 353 3107 amantes
366 3048 438 3106 dioit
447 3050 624 3124 Propertius,
638 3056 663 3108 l.
683 3055 727 3108 12.
743 3032 794 3110 1οε
814 3056 842 3109 2.
856 3051 883 3108 7.
897 3056 923 3125 3,
937 3058 967 3111 et

114 3150 196 3207 alias.

155 3234 200 3287 10.
224 3233 269 3286 19.
291 3247 359 3304 quae
370 3248 480 3304 eumque
489 3228 601 3286 oodioes
619 3233 650 3288 et
663 3229 704 3288 H.
746 3250 813 3306 quau
824 3233 919 3307 ruique
930 3232 963 3289 L.

112 3308 281 3366 Muellerus.
296 3309 379 3365 bene.
416 3309 483 3364 Cum
492 3312 522 3366 et
532 3310 580 3367 eui
588 3308 773 3368 confundunt
783 3310 852 3368 libri
861 3312 963 3369 nostri.
