2168 3720
152 218 188 275 72
355 215 573 275 rnornsrn
593 215 653 274 nn.
675 215 720 288 11,
745 221 792 275 34.
837 198 840 204 ’

191 373 255 439 Quo
268 393 350 449 seges
362 373 396 432 in
409 392 518 449 campo,
535 393 593 450 quo
607 373 684 432 viret
697 393 755 433 uva
768 374 848 449 iugo.

150 472 220 531 'Pale
233 472 306 530 facis
319 468 443 544 carmen,
459 473 545 533 docte
557 473 705 533 testudine
720 475 807 552 quale

191 571 336 648 Cynthius
349 571 485 648 inpositis
497 575 644 649 temperat
656 572 798 632 articulis.
964 577 1000 629 80

151 669 218 727 Non
230 673 330 728 tamen
342 671 414 729 hsce
426 670 483 729 ulli
496 671 617 730 venient
629 672 745 747 ingrate
757 671 878 747 legenti,

191 769 259 827 Sive
272 768 305 827 in
318 789 413 828 amore
426 770 507 828 rudis
521 770 581 829 sive
594 770 707 847 peritus
720 769 785 830 erit.

151 867 213 926 Nec
226 867 321 926 minor
332 868 380 927 his
393 868 482 940 audis,
499 872 552 928 aut
565 869 604 927 sic
617 871 709 928 minor
722 888 767 928 ors
780 888 895 928 socom

191 967 309 1026 Anseris
322 966 438 1026 indocto
452 968 579 1026 carmine
593 968 680 1027 cessit
694 969 765 1026 olor.

152 1065 234 1124 Haec
248 1085 365 1142 quoque
378 1065 507 1142 perfecto
520 1066 642 1125 ludebat
655 1067 760 1126 Iasone
772 1067 874 1139 Varro,
965 1071 1001 1123 85

192 1164 284 1223 Varro
298 1164 459 1223 Leucadiae
472 1164 602 1223 maxima
613 1165 730 1223 flemma
744 1184 822 1223 suae.

152 1263 234 1322 Haec
248 1283 365 1340 quoque
377 1263 479 1322 lascivi
492 1267 648 1322 cantarunt
662 1264 771 1340 scripta
783 1263 902 1335 catulli,

192 1361 298 1421 Lesbia
311 1361 377 1439 quis
390 1362 453 1438 ipse
465 1363 562 1422 notior
576 1367 621 1422 est
633 1364 758 1423 Helena.

153 1461 235 1520 Haec
250 1461 338 1520 etiam
350 1461 429 1520 docti
443 1461 573 1520 confessa
587 1465 632 1520 est
645 1462 752 1538 pagins
766 1462 857 1534 Calvi,

194 1559 268 1618 Cum
282 1563 398 1619 caneret
412 1560 532 1619 miserae
544 1560 650 1620 funere
663 1561 835 1626 Quintiliae.
967 1565 1003 1618 90

155 1659 195 1716 Et
207 1659 291 1716 modo
304 1658 429 1718 formosa
442 1679 530 1736 quam
542 1661 637 1718 multa
651 1659 793 1738 Lycoride
807 1659 911 1719 Gallus

194 1758 329 1816 Mortuus
342 1757 457 1816 inferne
469 1759 593 1818 vulnera
604 1758 680 1818 levit
693 1757 787 1836 equa!

157 1857 284 1933 Cynthia
297 1856 370 1933 quin
383 1855 472 1917 etium
484 1868 571 1915 versu
584 1858 704 1916 laudate
716 1857 857 1934 Properti,

196 1956 259 2015 Hos
271 1955 349 2016 inter
363 1955 388 2014 si
399 1975 446 2014 me
459 1974 566 2033 ponere
579 1955 670 2015 Fumo
682 1958 771 2016 volet.
