2168 3720
261 224 480 282 raorsnrn
501 223 561 282 nn.
577 223 631 294 Ν,
649 228 676 280 4.
693 228 721 280 s.
877 227 931 280 119

79 382 139 441 Illa
152 381 222 453 ruit,
238 380 335 458 qualis
348 381 574 458 celerem-prope
589 381 805 440 Thermodonta

119 480 283 558 Strymonis
297 480 420 541 abscisso
432 480 529 538 fertur
542 483 643 556 aperta
657 479 733 538 sinu.

81 579 156 638 Urbi
168 579 264 637 festus
277 579 481 637 erat-dixere
495 579 605 637 Parilia
618 582 756 654 patres-

121 679 180 736 Hie
193 678 306 754 primus
320 679 412 755 eoepit
424 679 577 736 moenibus
591 697 653 735 esse
667 678 738 748 dies,

81 777 189 834 Annua
202 780 351 852 pastorum
365 777 508 847 convivia,
524 777 607 834 lusus
620 776 652 834 in
665 778 747 847 urbe,
897 778 933 834 75

120 875 194 934 Cum
207 894 320 951 pagana
333 876 451 935 madent
464 875 577 933 fercula
589 875 712 947 divitiis,

81 975 214 1051 Cumque
227 993 315 1049 super
327 994 407 1033 raros
419 974 500 1033 faeni
513 974 690 1032 flammantis
704 994 821 1033 acervos

119 1072 230 1132 Traioit
242 1072 396 1132 inmundos
410 1074 490 1132 ebria
503 1075 591 1132 turba
603 1074 696 1148 pedes.

81 1172 225 1230 Romulus
238 1171 376 1230 excubias
390 1171 520 1231 decrevit
533 1172 566 1229 in
579 1171 639 1230 otia
653 1171 728 1229 solvi

119 1272 220 1347 Atque
232 1270 397 1329 intermissa
410 1273 505 1329 eastra
519 1270 604 1329 silere
618 1271 700 1329 tuba.
897 1275 934 1329 80

81 1370 147 1427 Ηοο
161 1369 284 1445 Tarpeia
298 1389 384 1427 suum
396 1372 513 1445 tempus
526 1372 591 1428 rata
605 1368 742 1428 convenit
755 1369 889 1428 hostem:

121 1468 211 1526 Paota
223 1468 306 1543 ligat,
322 1467 416 1544 poetis
429 1467 495 1542 ipsa
508 1467 611 1526 futura
625 1487 729 1528 eomes.

82 1567 169 1625 Mons
182 1569 246 1647 erat
259 1585 379 1625 asoensu
392 1566 508 1638 dubius,
524 1565 658 1642 festoque
672 1565 828 1625 remissus:

123 1666 185 1724 Neo
199 1685 287 1738 mora,
303 1666 417 1724 vocales
431 1668 554 1742 oooupat
567 1685 635 1724 ense
649 1685 744 1724 canes.

83 1765 189 1824 Omnia
201 1767 380 1842 praebebant
393 1785 526 1824 somnos:
549 1766 600 1824 sed
613 1765 750 1842 Iuppiter
764 1786 842 1824 unus
897 1770 933 1823 85

123 1865 261 1923 Decrevit
273 1865 374 1942 poenis
387 1864 543 1940 invigilare
556 1864 626 1924 tuis.

82 1964 255 2022 Prodiderat
267 1968 428 2040 portaeque
441 1965 529 2024 fidem
541 1965 726 2041 patriamque
738 1964 894 2033 iacentem,

121 2063 318 2139 Nubendique
331 2063 416 2139 petit,
432 2084 520 2140 quem
534 2062 615 2150 vessit,
630 2063 695 2139 ipsa
708 2063 794 2121 diem.

82 2161 369 2238 AtTatius—neque
377 2163 455 2220 enim
465 2162 567 2221 sceleri
572 2161 937 2221 dedithostishonorem-

125 2267 144 2293 “
156 2260 273 2333 Nube,’'
289 2261 340 2333 ait,
359 2267 379 2294 “
388 2266 419 2320 et
432 2261 516 2336 regni
530 2261 634 2320 scande
648 2261 744 2320 eubile
757 2260 846 2319 mei.''
899 2264 936 2318 90

83 2359 178 2431 Dixit,
195 2363 225 2418 et
238 2359 361 2434 ingestis
375 2359 514 2418 comitum
528 2358 714 2437 superobruit
728 2358 825 2418 armis.

123 2457 215 2530 Haeo,
230 2457 323 2533 virgo,
339 2458 440 2517 offioiis
454 2459 505 2516 dos
518 2462 582 2517 erat
595 2461 664 2534 apta
677 2456 748 2517 tuis.

83 2557 111 2614 A
124 2557 197 2615 duee
211 2557 363 2633 Tarpeiam
377 2577 460 2616 mons
476 2561 521 2617 est
535 2577 694 2633 cognomen
707 2558 852 2634 adeptus:

124 2655 148 2713 0
162 2655 244 2732 vigil,
259 2655 387 2716 iniustae
400 2656 529 2733 praemia
542 2657 628 2716 sortis
641 2657 740 2716 habes.
800 2648 809 2659 ’

514 2849 542 2887 V.

84 2947 173 3007 Terra
186 2951 273 3006 tuum
286 2949 379 3024 spinis
392 2950 527 3022 obducat,
543 2951 619 3022 lena,
636 2950 811 3027 sepulerum,

124 3047 164 3104 nt
176 3049 238 3119 tua,
255 3047 334 3123 quod
346 3066 406 3105 non
419 3046 473 3121 vis,
489 3049 598 3108 sentiat
611 3049 715 3106 umbra
729 3046 817 3118 sitim,

87 3145 149 3205 Neo
162 3146 282 3205 sedeant
295 3144 386 3205 cineri
399 3147 511 3220 Manes,
527 3151 558 3206 et
572 3148 715 3207 Cerberus
728 3145 808 3205 ultor

124 3243 235 3321 Turpia
247 3243 346 3304 ieiuno
359 3247 469 3305 terreat
483 3265 547 3305 ossa
561 3265 640 3306 sono.

84 3344 179 3403 Doota
191 3343 241 3402 vel
254 3342 453 3422 Hippolytum
466 3345 575 3404 Veneri
587 3344 703 3404 mollire
715 3345 884 3419 negantem„
920 3347 936 3398 5
