2168 3720
155 193 230 252 xxiv
459 190 702 250 PRAEFATIO.

155 350 371 426 rescripturum
379 348 452 407 dicit
464 355 530 424 ‘per
539 368 678 423 magnum
687 349 768 408 salva
778 350 1012 425 puellanvem.’

154 452 313 526 Operosum
337 468 406 507 sane
428 447 563 507 carmen!
587 450 681 505 ‘eucro
703 449 819 507 crimino
846 449 1012 508 damnatue'

150 552 230 609 idem
254 549 400 623 significat
422 552 512 624 atque
529 547 607 605 illud
631 547 712 606 ‘voti
732 548 820 606 reus)
860 549 905 607 ef.
925 555 956 608 4.
983 555 1011 609 3.

151 652 211 708 fin:
234 651 383 724 Armaque
406 666 472 705 cum
493 648 589 706 tulero
611 651 713 722 portae
738 648 840 706 votiva
865 648 1010 725 Capenae,

153 747 337 807 subscribam
353 746 449 804 ‘salvo
460 748 543 819 grata
556 745 662 820 puella
676 746 759 804 viro!
802 747 894 806 Arma
909 749 1015 808 votiva

151 867 209 905 non
230 865 345 904 carmen
359 864 416 921 quo
430 843 604 901 dedicantur
620 844 770 919 promittit
784 847 943 905 Arethusa.

192 951 238 1004 28.
262 950 310 1005 44.
331 951 371 1002 oct
385 948 451 1019 post
464 963 592 1019 moqncm
606 943 671 1002 add.
687 945 725 1002 N.

191 1051 239 1103 28.
262 1051 308 1102 53.
327 1044 411 1102 Troia
425 1043 462 1114 N,
478 1043 541 1100 Eoo
554 1042 594 1099 H.
636 1043 730 1118 Legae
741 1043 850 1101 Phthio
864 1044 888 1102 si
901 1044 1013 1104 iterata

153 1145 263 1204 mentio
277 1143 379 1202 Troiae
393 1142 426 1201 in
440 1147 477 1199 54
496 1144 527 1200 te
541 1141 680 1200 offendat.
724 1142 781 1200 Sed
795 1142 943 1202 neminem
958 1145 1012 1221 qui

153 1247 227 1303 bene
247 1243 363 1302 noverit
376 1239 561 1316 Propertium
583 1241 774 1316 repetitiones
793 1262 846 1318 per
867 1262 897 1301 se
918 1243 1012 1302 offen·

154 1343 350 1401 deredebent.
391 1340 507 1411 Phthia,
525 1339 549 1397 si
563 1339 693 1412 memini,
709 1341 865 1400 nesciocui
884 1345 1011 1402 anteme

157 1442 280 1519 placuit.

196 1546 243 1598 28.
266 1544 312 1597 54.
330 1539 417 1614 pbcbc'
429 1539 476 1598 N.·
502 1538 623 1596 Phoebei
634 1543 660 1597 ct
675 1540 753 1598 muri
763 1540 868 1598 Hertz.
907 1541 1012 1600 Ibcbac

157 1640 304 1713 Scalige13
330 1639 367 1697 cf.
383 1639 437 1696 Ov.
458 1639 524 1696 Am.
550 1643 577 1695 3.
602 1643 648 1696 12.
667 1643 711 1710 15,
729 1658 796 1696 oum
819 1639 919 1698 Thebe
942 1660 1011 1698 oum

155 1739 241 1796 Troia
253 1738 339 1796 foret.

196 1844 243 1898 29.
268 1843 293 1896 l.
315 1838 455 1895 Hcetcmc
468 1837 505 1909 N,
523 1857 593 1895 corr.
609 1836 761 1896 Heinsius.
811 1838 887 1897 Vide
901 1860 943 1898 vs.
961 1846 1010 1900 42.

196 1941 243 1995 29.
266 1941 293 1993 8.
316 1937 372 1993 ium
385 1936 422 2006 N,
439 1954 502 1992 com
515 1935 556 2005 H,
572 1936 671 2009 vulgo.
690 1937 747 1993 c'cm
761 1935 841 2014 (ἤδη)
856 1957 923 1995 cum
936 1941 1009 2008 uoci,

156 2042 244 2108 cotue,
261 2054 345 2110 saepe
358 2034 502 2107 iungitur.
545 2033 589 2091 cf.
606 2038 633 2091 2.
650 2038 697 2091 24.
713 2039 768 2092 29:
793 2040 820 2092 2.
837 2040 884 2093 23.
901 2041 949 2096 25.

197 2140 244 2192 29.
269 2139 315 2194 14.
329 2133 407 2209 force
421 2131 458 2203 N,
474 2132 515 2191 H.
550 2131 628 2207 forie
641 2132 841 2207 Dousapater,
864 2134 898 2192 L.
914 2135 1011 2194 Muel-

159 2237 247 2293 lenus.

198 2339 245 2391 29.
268 2336 315 2390 21.
337 2351 378 2388 me
398 2331 429 2388 ab
450 2330 515 2388 lecto
537 2331 676 2388 duxerunt
690 2330 727 2388 N.
770 2350 811 2387 mc
825 2331 924 2390 obiecto
940 2334 1009 2391 duo-

159 2438 240 2491 crcut
253 2431 293 2488 H.
328 2430 406 2486 Corn.
422 2427 573 2487 Heinsius

198 2537 245 2589 29.
268 2534 316 2587 24.
338 2532 368 2585 ut
382 2528 419 2598 N,
435 2532 462 2584 ct
476 2527 510 2597 G,
526 2526 567 2583 Η.
695 2531 742 2585 29.
766 2532 812 2584 31.
840 2529 918 2596 Quod
930 2529 968 2587 N.

200 2636 247 2688 29.
271 2634 318 2687 36.
339 2626 491 2685 uoluntatis
514 2625 552 2682 N.
608 2625 760 2682 volutantia
791 2626 917 2702 Lipsius,
948 2629 1008 2686 alii.

158 2729 310 2803 voluptatis
323 2726 425 2799 vulgo

198 2835 245 2886 29.
269 2831 315 2884 38.
338 2829 429 2893 notua,
445 2823 484 2892 N,
502 2823 543 2882 H.
575 2827 663 2880 motae
676 2821 818 2881 Heinsius
832 2826 862 2882 et
876 2824 935 2896 clii,
951 2825 1009 2883 for-

156 2935 232 2988 tasse
246 2929 334 2984 recte.
375 2928 459 2981 cotue
472 2922 680 3005 Baehrensius.
719 2928 767 2981 29.
790 2928 837 2981 39.
859 2930 956 2983 costra
969 2926 1007 2984 N.

198 3031 244 3084 29.
268 3028 314 3081 41.
337 3022 443 3080 custode
460 3019 571 3078 meloda
584 3021 623 3077 N.
669 3025 757 3078 ccetoe
772 3021 899 3080 excludor
916 3022 1010 3082 Brou-

157 3125 290 3193 khueius‚
306 3141 364 3196 quo
377 3118 454 3177 nihil
466 3118 575 3176 rectius
595 3119 696 3189 habeo,
712 3119 770 3177 nisi
789 3120 882 3178 mavis
902 3125 1010 3180 ouatodc

157 3227 270 3284 chodor:
294 3223 348 3279 hoc
356 3220 443 3278 facile
451 3218 532 3277 nasci
540 3218 655 3294 potuit:
672 3219 764 3277 altero
778 3221 905 3279 comisso
919 3221 1008 3281 libra-

157 3327 218 3384 rius
231 3322 345 3400 syllaba
356 3339 387 3377 rc
400 3322 525 3376 metrum
534 3316 675 3392 explevit.
698 3317 826 3396 Cynthia
839 3324 884 3379 est
892 3325 989 3381 custos
1002 3344 1008 3382 :
