2168 3720
118 221 173 275 120
331 216 550 277 PROPERTII
570 218 629 277 EL.
651 219 706 292 IV,
730 225 758 279 5.

154 374 353 452 Concordique
366 379 430 434 toro
443 377 569 452 pessima
583 397 697 454 semper
710 376 782 449 avis,

114 473 282 550 Penelopen
295 494 412 551 quoque
425 476 560 550 neglecto
573 496 689 535 rumore
702 476 803 535 mariti

154 573 273 632 Nubere
286 573 396 632 lascivo
410 580 526 648 cogeret
538 575 679 634 Antinoo.

113 674 174 732 Illa
187 675 269 746 velit,
284 676 394 752 poterit
406 696 525 751 magnes
538 696 597 734 non
610 659 716 735 ducere
728 675 850 749 ferrum,

152 774 194 832 Et
206 774 334 832 volucris
346 775 424 833 nidis
438 795 499 834 esse
513 795 638 834 noverca
652 776 722 834 suis.
936 779 973 834 10

114 871 230 948 Quippe
243 876 283 943 et,
299 873 429 932 Collinas
442 875 480 932 ad
490 874 599 932 fossam
612 874 738 934 moverit
750 875 866 946 herbas,

153 971 270 1030 Stantia
283 973 416 1031 currenti
429 973 614 1032 diluerentur
626 993 712 1050 aqua.

112 1070 222 1129 Audax
236 1076 372 1131 cantatae
385 1073 465 1146 leges
478 1073 618 1149 inponere
631 1073 719 1131 lunae

154 1171 195 1229 Et
209 1192 261 1230 sua
275 1175 417 1230 nocturno
430 1171 534 1231 fallere
547 1177 632 1247 terga
644 1173 715 1248 lupo

115 1269 218 1329 Posset
232 1271 408 1330 utintentos
422 1275 488 1329 astu
502 1291 617 1330 caecare
631 1270 759 1342 maritos,
934 1275 971 1328 15

154 1369 311 1427 Cornicum
323 1369 483 1428 immeritas
497 1369 575 1428 eruit
588 1389 689 1442 ungue
702 1388 801 1443 genas,

114 1465 329 1544 consuluitque
343 1467 448 1542 striges
460 1471 559 1526 nostro
573 1468 608 1526 de
623 1467 773 1542 sanguine,
789 1467 866 1527 etin
878 1487 926 1526 me

151 1566 353 1642 Hippomanes
366 1567 446 1625 fetae
460 1566 570 1625 semina
583 1566 658 1640 legit
671 1585 772 1643 equae.

111 1664 263 1723 Exorabat
276 1685 348 1740 opus
362 1664 460 1723 verbis
474 1685 528 1724 ceu
540 1665 649 1723 blanda
662 1684 775 1723 rsnvnu

151 1763 349 1840 saxosamque
362 1782 454 1822 rsnsr
468 1765 570 1822 sedula
582 1783 670 1822 cvera
683 1764 780 1822 viam:
930 1768 970 1822 20

114 1861 177 1920 “Si
190 1865 221 1920 te
235 1862 296 1920 an
308 1862 507 1920 Donozanrmr
520 1862 605 1921 iuvat
619 1883 707 1921 aurea
720 1863 785 1938 ripa

150 1962 191 2020 Et
204 1983 280 2039 quae
294 1963 348 2020 sub
362 1962 452 2039 Tyria
467 1962 576 2019 concha
590 1961 721 2037 superbit
735 1981 821 2038 aqua,

111 2064 317 2141 Eurypylique
330 2064 427 2140 placet
441 2063 516 2122 Coae
529 2066 651 2120 textura
664 2062 826 2134 Minervae,

152 2165 296 2240 Sectaque
310 2166 346 2222 ab
359 2161 498 2220 Attalicis
512 2161 612 2237 putria
626 2160 709 2235 signa
721 2161 803 2232 toris,

113 2263 171 2322 Seu
186 2284 260 2340 quae
274 2263 444 2340 palmiferae
457 2262 583 2319 mittunt
595 2261 712 2320 venalia
725 2262 851 2334 Thebae,
930 2266 969 2320 25

151 2364 328 2440 Murreaque
342 2363 373 2421 in
388 2362 508 2420 Parthis
521 2362 626 2437 pocula
640 2365 721 2420 cocta
733 2361 826 2420 focis:

113 2460 223 2537 Sperne
237 2463 333 2533 fidem,
349 2462 489 2537 provolve
504 2461 581 2532 dcos,
597 2459 748 2518 mendacia
760 2459 891 2534 vincant,

152 2560 265 2634 Frange
279 2564 309 2618 et
323 2560 476 2618 damnosae
490 2560 555 2618 iura
567 2559 737 2636 pudicitiae.

114 2658 155 2717 Et
169 2658 306 2716 simulare
319 2660 416 2718 virum
430 2660 558 2735 pretium
571 2659 660 2718 facit:
682 2661 765 2717 utere
779 2658 894 2717 causis:

152 2757 248 2816 Maior
261 2759 353 2816 dilata
366 2763 452 2818 noete
465 2761 597 2818 recurret
610 2778 698 2816 amor.
932 2764 971 2817 30

114 2856 147 2915 Si
160 2857 216 2915 tibi
229 2857 306 2916 forte
321 2878 415 2915 comas
428 2858 590 2929 vexaverit,
607 2856 690 2915 utilis
702 2856 764 2914 ira:

153 2956 321 3014 Postmodo
335 2960 462 3015 mercata
474 2977 546 3033 pace
559 2956 733 3032 premendus
748 2955 812 3015 erit.

113 3053 251 3130 Denique
263 3055 316 3114 ubi
329 3056 469 3132 amplexu
482 3056 626 3114 Venerem
639 3054 806 3130 promiseris
820 3058 928 3132 empto,

154 3152 213 3218 Fac
227 3153 347 3213 simules
359 3173 448 3230 puros
461 3153 550 3212 Isidis
564 3174 625 3212 esse
639 3154 710 3212 dies.
967 3237 973 3247 ι

114 3250 237 3323 Ingeret
250 3251 367 3327 Apriles
381 3252 445 3310 Iole
458 3252 523 3324 tibi,
538 3253 646 3310 tundat
659 3252 783 3330 Amycle
931 3256 970 3310 35

153 3346 289 3407 Natalem
302 3351 378 3409 Mais
391 3350 489 3409 idibus
503 3370 565 3410 esse
578 3353 673 3410 tuum.
