2168 3720
379 217 690 278 PosTscRIPruM.
883 220 960 279 lxvii

145 381 173 433 2.
196 380 244 433 34.
267 380 313 432 34.
336 375 488 434 Fortasse:
512 379 602 435 tauma
615 377 712 452 sactus
732 378 841 454 (mauro
861 398 899 437 ex
921 384 957 436 30

103 475 290 550 desumptum
303 473 445 550 videtur).

143 579 172 630 2.
195 577 242 630 34.
269 577 315 630 38.
347 573 451 630 Pristis
482 571 560 643 libri,
600 574 709 632 ituria
743 574 955 646 Broukhusius,

103 670 254 729 Heinsius.
277 670 306 728 N
324 671 446 730 exhibet
465 691 544 747 equos
565 672 643 748 quod
666 672 700 730 L.
722 672 884 732 Muellerus
905 693 957 750 pro

103 769 284 828 nominativo
298 769 399 829 edidit.
417 766 423 777 ’
670 771 672 774 ⁴

144 873 171 925 3.
197 873 222 926 1.
245 868 292 926 27.
315 888 375 926 oum
393 867 475 943 prole
496 868 665 928 Scamandro
686 870 721 928 G.
744 870 882 929 Wourrro
897 891 957 930 non

104 967 238 1043 Hauptio
252 967 481 1026 attribuendum.

143 1071 170 1122 3.
196 1071 223 1122 5.
249 1070 295 1123 39.
320 1065 476 1125 Fortassez
505 1067 750 1125 staturarum
773 1072 956 1145 tormentaque

102 1169 220 1221 sontum.

143 1268 172 1319 3.
196 1268 223 1321 8.
244 1267 292 1322 29.
314 1263 394 1339 1209:
415 1266 507 1336 gruta.

142 1368 170 1420 3.
194 1367 220 1420 9.
243 1367 291 1420 25.
313 1362 467 1421 Fortasse:
491 1363 574 1421 orbes.

142 1466 168 1519 3.
194 1461 239 1521 17.
262 1466 309 1521 36.
331 1461 409 1538 Lea:
432 1461 564 1521 fundet,

142 1565 169 1616 3.
195 1560 239 1618 17.
262 1564 309 1617 38.
331 1559 411 1636 Loq:
432 1558 568 1617 fundens.

141 1664 168 1714 3.
193 1661 237 1715 18.
261 1663 308 1718 34.
330 1658 487 1718 Fortasse:
518 1659 621 1718 Caesar
647 1660 785 1718 Romanis
808 1662 893 1720 cessit
920 1663 951 1721 in

100 1761 180 1815 astra
194 1777 255 1815 sua.

140 1861 167 1914 3.
193 1861 238 1913 19.
263 1856 309 1915 17.
330 1855 411 1915 Fort.
426 1875 536 1914 amarus
549 1856 597 1914 vel
610 1876 741 1915 umasram.

139 1960 165 2011 4.
192 1958 217 2011 1.
242 1958 308 2014 150.
349 1954 429 2029 Lau:
450 1955 542 2013 time!

138 2058 166 2110 4.
189 2058 217 2111 2.
240 2057 286 2110 52.
309 2052 408 2112 Suribe
431 2053 490 2110 Itu
517 2053 572 2112 sibi
599 2053 743 2114 constabit
770 2055 946 2131 Propertius.

97 2151 167 2210 Vid.
184 2152 220 2210 ad
235 2157 262 2208 3.
280 2156 325 2209 13.
342 2156 389 2209 39.

139 2257 167 2308 4.
190 2256 217 2309 3.
241 2255 288 2309 53.
311 2250 392 2308 Foit.
408 2251 546 2310 adsaora.
