2168 3720
113 240 150 292 92
307 233 526 293 PROPERTH
546 231 607 290 EL.
629 232 692 305 ΙΙΙ,
717 235 763 290 13.

112 392 246 451 Matrona
258 391 368 450 incedit
382 411 486 450 census
498 391 603 449 induta
615 393 765 466 nepotum,

151 490 192 548 ut
205 489 296 566 spolia
309 489 454 565 obprobnii
466 494 566 549 nostra
578 509 631 565 per
644 508 694 547 ora
706 487 809 548 trahit.

112 589 204 648 Nulla
218 592 262 647 eat
275 588 421 664 poscendi,
436 589 521 647 nulla
534 592 579 647 est
592 587 757 646 reverentia
769 586 876 646 dandi:

152 688 215 746 Aut
229 687 254 745 si
268 707 327 765 qua
341 691 394 760 est,
410 687 503 764 pretio
516 687 634 746 tollitur
646 685 711 762 ipsa
723 705 813 744 mora.

114 786 201 845 Felix
215 785 284 844 Eois
298 786 349 844 lex
361 785 474 844 funeris
487 804 547 844 una
559 785 682 858 maritis,
934 790 969 842 15

154 885 233 949 Quos
246 885 361 942 Aurora
373 884 435 942 suis
447 884 536 942 rubra
550 884 659 941 colorat
673 882 766 960 equis.

114 984 250 1061 Namque
263 983 315 1042 ubi
328 981 477 1040 mortifero
490 981 567 1041 iacta
580 984 625 1040 est
636 981 690 1039 fax
702 981 809 1040 ultima
821 982 908 1055 lecto,

154 1084 288 1142 Uxorum
300 1081 375 1141 fusis
389 1084 448 1140 stat
460 1079 510 1157 pia
522 1081 610 1139 turba
623 1079 721 1153 comis,

116 1184 156 1242 nt
170 1186 317 1243 certamen
329 1183 440 1240 habent
453 1180 516 1252 leti,
532 1200 607 1257 quae
619 1180 689 1239 viva
702 1183 843 1258 sequatur

157 1282 348 1357 Coniugium:
370 1282 464 1358 pudor
477 1282 522 1339 eal
533 1300 593 1339 non
605 1280 723 1340 licuisse
734 1281 819 1340 mori.
931 1286 969 1339 20

121 1381 254 1440 Gaudent
266 1380 393 1452 vitricos,
410 1383 441 1440 et
453 1379 586 1438 flammae
599 1383 717 1456 pectora
729 1381 882 1455 praebent,

157 1479 367 1555 Inponuntque
383 1479 443 1538 suis
457 1499 507 1537 ora
519 1482 638 1554 perusta
651 1477 731 1537 viris.

118 1577 184 1634 Hoc
198 1596 289 1651 genus
301 1577 427 1636 infidum
438 1581 607 1653 nuptarum,
622 1576 671 1635 hic
684 1577 769 1636 nulla
780 1577 883 1654 puella

158 1675 187 1733 N
188 1695 221 1734 eo
233 1676 292 1733 fida
305 1676 426 1735 Euadne
440 1696 494 1735 nec
507 1676 556 1752 pia
569 1677 723 1752 Penelope.

119 1773 207 1833 Felix
220 1776 366 1848 agrestum
380 1774 527 1851 quondam
539 1778 642 1850 pacata
655 1773 803 1850 iuventus,
933 1780 970 1832 25

159 1872 288 1933 Divitiae
302 1892 425 1950 quorum
438 1873 539 1932 messis
552 1876 583 1932 et
596 1875 680 1932 arbor
693 1877 785 1933 erant.

120 1971 187 2031 Illis
200 1992 307 2030 munus
320 1975 404 2030 erant
417 1973 534 2030 decussa
548 1971 678 2049 Cydonia
690 1991 779 2040 ramo,

160 2070 200 2129 Et
213 2071 281 2130 dare
293 2068 425 2146 puniceis
438 2070 525 2146 plena
538 2070 663 2128 canistra
674 2071 765 2143 rubis,

120 2172 208 2231 Nunc
221 2169 313 2229 violas
326 2170 446 2228 tondere
459 2189 557 2242 manu,
572 2188 651 2227 nunc
664 2169 760 2228 mixta
771 2169 882 2228 referre

160 2267 237 2326 Lilia
249 2266 394 2342 vingineos
407 2267 505 2326 lucida
517 2286 571 2342 per
583 2267 720 2340 calathos,
935 2273 973 2326 30

122 2366 162 2424 nt
174 2371 290 2441 portare
304 2365 363 2424 suis
376 2365 498 2424 vestitas
510 2364 662 2424 frondibus
675 2385 748 2423 uvas

161 2464 225 2522 Auo
237 2463 346 2522 variam
360 2465 476 2539 plumae
489 2463 664 2522 versicoloris
677 2483 769 2523 avem.

122 2561 179 2618 His
192 2565 257 2619 tum
269 2561 420 2620 blanditiis
432 2562 545 2621 furtiva
556 2583 609 2639 per
622 2568 704 2622 actua
715 2564 833 2639 puellae

163 2661 269 2720 Oscula
282 2661 420 2720 silvicolis
433 2666 531 2738 empta
544 2664 648 2722 dedere
660 2663 742 2723 viris.

123 2760 264 2818 Hinnulei
276 2760 363 2837 pellis
375 2765 453 2820 totos
466 2762 597 2838 operibat
610 2765 749 2835 amantes,
937 2771 975 2822 35

163 2860 292 2936 Altaque
305 2860 405 2919 nativo
419 2865 550 2920 creverat
562 2863 654 2920 herba
666 2866 738 2934 toro,

124 2958 216 3017 Pinus
229 2963 260 3018 et
271 2959 442 3019 incumbens
453 2961 544 3019 lentis
558 2960 755 3019 circumdabat
766 2961 893 3032 umbras,

163 3057 226 3116 Nec
238 3056 337 3117 iuerat
349 3059 442 3117 nudas
455 3078 547 3134 poena
560 3060 659 3120 videre
671 3061 749 3119 deas.

124 3155 263 3230 Corniger
276 3158 308 3215 al
321 3157 461 3233 quondam
473 3159 563 3216 vacui
573 3158 698 3234 pastoris
710 3158 743 3217 in
754 3158 854 3218 aulam

163 3254 234 3312 Dux
248 3253 322 3314 aries
335 3258 447 3314 saturas
460 3255 522 3332 ipae
534 3256 655 3315 reduxit
668 3276 745 3330 oves,
936 3264 976 3315 40

123 3353 222 3432 Dique
235 3354 364 3433 deaeque
377 3373 484 3427 omnes,
500 3354 608 3432 quibus
621 3358 666 3414 cst
678 3355 775 3415 tutela
786 3374 840 3432 per
852 3374 946 3431 agros,
