<?xml version="1.0" encoding="UTF-8"?>
<!DOCTYPE html PUBLIC "-//W3C//DTD XHTML 1.0 Transitional//EN"
    "http://www.w3.org/TR/xhtml1/DTD/xhtml1-transitional.dtd">
<html xmlns="http://www.w3.org/1999/xhtml" xml:lang="en" lang="en">
 <head>
  <title>
</title>
<meta http-equiv="Content-Type" content="text/html;charset=utf-8" />
  <meta name='ocr-system' content='tesseract 3.04.00' />
  <meta name='ocr-capabilities' content='ocr_page ocr_carea ocr_par ocr_line ocrx_word'/>
</head>
<body>
  <div class='ocr_page' id='page_1' title='image "./elegiarumlibrii00palmgoog_0093.png"; bbox 0 0 2168 3720; ppageno 0'>
   <div class='ocr_carea' id='block_1_1' title="bbox 152 211 820 284">
    <p class='ocr_par' dir='ltr' id='par_1_1' title="bbox 152 211 820 284">
     <span class='ocr_line' id='line_1_1' title="bbox 152 211 820 284; baseline 0.001 -13"><span class='ocrx_word' id='word_1_1' title='bbox 152 219 187 271; x_wconf 81' lang='lat' dir='ltr'><strong>ro</strong></span> <span class='ocrx_word' id='word_1_2' title='bbox 329 212 548 271; x_wconf 73' lang='grc' dir='ltr'>ΡΒΟΡΕΒΤΠ</span> <span class='ocrx_word' id='word_1_3' title='bbox 569 211 628 270; x_wconf 79' lang='lat' dir='ltr'><strong>EL.</strong></span> <span class='ocrx_word' id='word_1_4' title='bbox 651 213 677 284; x_wconf 91' lang='lat'><strong>1,</strong></span> <span class='ocrx_word' id='word_1_5' title='bbox 704 217 820 272; x_wconf 86' lang='lat'>13.14.</span> 
     </span>
    </p>
   </div>
   <div class='ocr_carea' id='block_1_2' title="bbox 148 370 1009 1042">
    <p class='ocr_par' dir='ltr' id='par_1_2' title="bbox 149 370 1005 540">
     <span class='ocr_line' id='line_1_2' title="bbox 189 370 1005 446; baseline 0 -17"><span class='ocrx_word' id='word_1_6' title='bbox 189 372 228 430; x_wconf 83' lang='lat' dir='ltr'><strong>Et</strong></span> <span class='ocrx_word' id='word_1_7' title='bbox 241 371 336 429; x_wconf 83' lang='lat' dir='ltr'><strong>Ledae</strong></span> <span class='ocrx_word' id='word_1_8' title='bbox 349 374 437 446; x_wconf 86' lang='lat' dir='ltr'><strong>partu</strong></span> <span class='ocrx_word' id='word_1_9' title='bbox 451 370 568 445; x_wconf 79' lang='lat' dir='ltr'><strong>gratior,</strong></span> <span class='ocrx_word' id='word_1_10' title='bbox 583 389 643 428; x_wconf 86' lang='lat' dir='ltr'><strong>uno</strong></span> <span class='ocrx_word' id='word_1_11' title='bbox 655 370 769 429; x_wconf 86' lang='lat' dir='ltr'><strong>tribus:</strong></span> <span class='ocrx_word' id='word_1_12' title='bbox 966 377 1005 429; x_wconf 84' lang='lat'><strong>30</strong></span> 
     </span>
     <span class='ocr_line' id='line_1_3' title="bbox 149 467 743 540; baseline -0.003 -12"><span class='ocrx_word' id='word_1_13' title='bbox 149 470 208 528; x_wconf 76' lang='lat' dir='ltr'>Illa</span> <span class='ocrx_word' id='word_1_14' title='bbox 221 469 260 528; x_wconf 87' lang='lat' dir='ltr'><strong>sit</strong></span> <span class='ocrx_word' id='word_1_15' title='bbox 273 468 403 527; x_wconf 83' lang='lat' dir='ltr'><strong>Inachiis</strong></span> <span class='ocrx_word' id='word_1_16' title='bbox 416 472 446 527; x_wconf 90' lang='lat' dir='ltr'><strong>et</strong></span> <span class='ocrx_word' id='word_1_17' title='bbox 459 468 593 528; x_wconf 81' lang='lat' dir='ltr'><strong>blandior</strong></span> <span class='ocrx_word' id='word_1_18' title='bbox 605 467 743 540; x_wconf 88' lang='lat' dir='ltr'><strong>heroinis,</strong></span> 
     </span>
    </p>

    <p class='ocr_par' dir='ltr' id='par_1_3' title="bbox 148 566 868 743">
     <span class='ocr_line' id='line_1_4' title="bbox 187 566 762 641; baseline -0.002 -15"><span class='ocrx_word' id='word_1_19' title='bbox 187 569 247 626; x_wconf 84' lang='lat' dir='ltr'><strong>Illa</strong></span> <span class='ocrx_word' id='word_1_20' title='bbox 260 568 320 626; x_wconf 92' lang='lat' dir='ltr'><strong>suis</strong></span> <span class='ocrx_word' id='word_1_21' title='bbox 333 566 430 625; x_wconf 89' lang='lat' dir='ltr'><strong>verbis</strong></span> <span class='ocrx_word' id='word_1_22' title='bbox 444 572 528 641; x_wconf 84' lang='lat' dir='ltr'><strong>coget</strong></span> <span class='ocrx_word' id='word_1_23' title='bbox 541 587 637 625; x_wconf 85' lang='lat' dir='ltr'><strong>amare</strong></span> <span class='ocrx_word' id='word_1_24' title='bbox 651 567 762 626; x_wconf 86' lang='lat' dir='ltr'><strong>Iovem.</strong></span> 
     </span>
     <span class='ocr_line' id='line_1_5' title="bbox 148 665 868 743; baseline -0.003 -17"><span class='ocrx_word' id='word_1_25' title='bbox 148 668 194 727; x_wconf 84' lang='lat' dir='ltr'><strong>Tu</strong></span> <span class='ocrx_word' id='word_1_26' title='bbox 207 687 285 740; x_wconf 83' lang='lat' dir='ltr'><strong>vero,</strong></span> <span class='ocrx_word' id='word_1_27' title='bbox 301 666 438 743; x_wconf 88' lang='lat' dir='ltr'><strong>quoniam</strong></span> <span class='ocrx_word' id='word_1_28' title='bbox 452 668 541 725; x_wconf 89' lang='lat' dir='ltr'><strong>semel</strong></span> <span class='ocrx_word' id='word_1_29' title='bbox 555 687 585 725; x_wconf 90' lang='lat' dir='ltr'><strong>es</strong></span> <span class='ocrx_word' id='word_1_30' title='bbox 598 665 749 742; x_wconf 88' lang='lat' dir='ltr'><strong>periturus</strong></span> <span class='ocrx_word' id='word_1_31' title='bbox 762 685 868 739; x_wconf 83' lang='lat' dir='ltr'><strong>amore,</strong></span> 
     </span>
    </p>

    <p class='ocr_par' dir='ltr' id='par_1_4' title="bbox 149 765 1009 943">
     <span class='ocr_line' id='line_1_6' title="bbox 187 765 988 850; baseline -0.005 -24"><span class='ocrx_word' id='word_1_32' title='bbox 187 767 297 826; x_wconf 89' lang='lat' dir='ltr'><strong>Utere:</strong></span> <span class='ocrx_word' id='word_1_33' title='bbox 319 787 379 825; x_wconf 88' lang='lat' dir='ltr'><strong>non</strong></span> <span class='ocrx_word' id='word_1_34' title='bbox 392 766 449 825; x_wconf 86' lang='lat' dir='ltr'><strong>olio</strong></span> <span class='ocrx_word' id='word_1_35' title='bbox 462 766 564 824; x_wconf 87' lang='lat' dir='ltr'><strong>limine</strong></span> <span class='ocrx_word' id='word_1_36' title='bbox 577 765 684 840; x_wconf 85' lang='lat' dir='ltr'><strong>dignus</strong></span> <span class='ocrx_word' id='word_1_37' title='bbox 697 785 769 824; x_wconf 86' lang='lat' dir='ltr'><strong>eros.</strong></span> <span class='ocrx_word' id='word_1_38' title='bbox 987 847 988 850; x_wconf 7' lang='grc' dir='ltr'><strong>Ἴ</strong></span> 
     </span>
     <span class='ocr_line' id='line_1_7' title="bbox 149 864 1009 943; baseline -0.003 -19"><span class='ocrx_word' id='word_1_39' title='bbox 149 866 211 931; x_wconf 68' lang='lat' dir='ltr'><strong>Qut</strong></span> <span class='ocrx_word' id='word_1_40' title='bbox 220 865 278 925; x_wconf 91' lang='lat' dir='ltr'><strong>tibi</strong></span> <span class='ocrx_word' id='word_1_41' title='bbox 291 865 329 924; x_wconf 94' lang='lat' dir='ltr'><strong>sit</strong></span> <span class='ocrx_word' id='word_1_42' title='bbox 341 865 425 939; x_wconf 78' lang='lat' dir='ltr'><strong>felix,</strong></span> <span class='ocrx_word' id='word_1_43' title='bbox 442 865 579 943; x_wconf 86' lang='lat' dir='ltr'><strong>quoniam</strong></span> <span class='ocrx_word' id='word_1_44' title='bbox 592 885 686 924; x_wconf 86' lang='lat' dir='ltr'><strong>novus</strong></span> <span class='ocrx_word' id='word_1_45' title='bbox 698 864 812 936; x_wconf 80' lang='lat' dir='ltr'><strong>incidit,</strong></span> <span class='ocrx_word' id='word_1_46' title='bbox 828 883 926 924; x_wconf 89' lang='lat' dir='ltr'><strong>error:</strong></span> <span class='ocrx_word' id='word_1_47' title='bbox 963 864 1009 921; x_wconf 83' lang='lat'><strong>35&#39;</strong></span> 
     </span>
    </p>

    <p class='ocr_par' dir='ltr' id='par_1_5' title="bbox 188 963 821 1042">
     <span class='ocr_line' id='line_1_8' title="bbox 188 963 821 1042; baseline -0.005 -18"><span class='ocrx_word' id='word_1_48' title='bbox 188 966 228 1024; x_wconf 86' lang='lat' dir='ltr'><strong>Et</strong></span> <span class='ocrx_word' id='word_1_49' title='bbox 241 965 444 1042; x_wconf 81' lang='lat' dir='ltr'><strong>quodcumque</strong></span> <span class='ocrx_word' id='word_1_50' title='bbox 456 965 546 1037; x_wconf 86' lang='lat' dir='ltr'><strong>voles,</strong></span> <span class='ocrx_word' id='word_1_51' title='bbox 562 983 622 1022; x_wconf 83' lang='lat' dir='ltr'><strong>uns</strong></span> <span class='ocrx_word' id='word_1_52' title='bbox 635 963 674 1022; x_wconf 92' lang='lat' dir='ltr'><strong>sit</strong></span> <span class='ocrx_word' id='word_1_53' title='bbox 686 963 744 1022; x_wconf 84' lang='lat' dir='ltr'><strong>isto</strong></span> <span class='ocrx_word' id='word_1_54' title='bbox 756 963 821 1023; x_wconf 88' lang='lat' dir='ltr'><strong>tibi.</strong></span> 
     </span>
    </p>
   </div>
   <div class='ocr_carea' id='block_1_3' title="bbox 543 1160 605 1200">
    <p class='ocr_par' dir='ltr' id='par_1_6' title="bbox 543 1160 605 1200">
     <span class='ocr_line' id='line_1_9' title="bbox 543 1160 605 1200; baseline 0.032 -2"><span class='ocrx_word' id='word_1_55' title='bbox 543 1160 605 1200; x_wconf 77' lang='lat' dir='ltr'><strong>m.</strong></span> 
     </span>
    </p>
   </div>
   <div class='ocr_carea' id='block_1_4' title="bbox 146 1260 998 1832">
    <p class='ocr_par' dir='ltr' id='par_1_7' title="bbox 148 1260 804 1438">
     <span class='ocr_line' id='line_1_10' title="bbox 148 1260 804 1322; baseline -0.002 -1"><span class='ocrx_word' id='word_1_56' title='bbox 148 1263 195 1322; x_wconf 85' lang='lat' dir='ltr'><strong>Tu</strong></span> <span class='ocrx_word' id='word_1_57' title='bbox 207 1261 278 1322; x_wconf 90' lang='lat' dir='ltr'><strong>lieet</strong></span> <span class='ocrx_word' id='word_1_58' title='bbox 291 1262 420 1322; x_wconf 83' lang='lat' dir='ltr'><strong>obiectus</strong></span> <span class='ocrx_word' id='word_1_59' title='bbox 433 1260 570 1322; x_wconf 68' lang='lat' dir='ltr'><strong>Tiberino</strong></span> <span class='ocrx_word' id='word_1_60' title='bbox 583 1262 711 1322; x_wconf 81' lang='lat' dir='ltr'><strong>molliter</strong></span> <span class='ocrx_word' id='word_1_61' title='bbox 724 1263 804 1321; x_wconf 81' lang='lat' dir='ltr'><strong>unda</strong></span> 
     </span>
     <span class='ocr_line' id='line_1_11' title="bbox 186 1350 740 1438; baseline 0 -18"><span class='ocrx_word' id='word_1_62' title='bbox 186 1353 291 1420; x_wconf 68' lang='lat' dir='ltr'><strong>Lesbio</strong></span> <span class='ocrx_word' id='word_1_63' title='bbox 303 1361 455 1420; x_wconf 88' lang='lat' dir='ltr'><strong>Mentoreo</strong></span> <span class='ocrx_word' id='word_1_64' title='bbox 467 1350 540 1421; x_wconf 69' lang='lat' dir='ltr'><strong>vinei</strong></span> <span class='ocrx_word' id='word_1_65' title='bbox 548 1361 632 1421; x_wconf 81' lang='lat' dir='ltr'><strong>bibas</strong></span> <span class='ocrx_word' id='word_1_66' title='bbox 645 1381 740 1438; x_wconf 88' lang='lat' dir='ltr'><strong>opere,</strong></span> 
     </span>
    </p>

    <p class='ocr_par' dir='ltr' id='par_1_8' title="bbox 147 1459 851 1631">
     <span class='ocr_line' id='line_1_12' title="bbox 147 1459 851 1520; baseline 0 -2"><span class='ocrx_word' id='word_1_67' title='bbox 147 1462 187 1520; x_wconf 85' lang='lat' dir='ltr'><strong>Et</strong></span> <span class='ocrx_word' id='word_1_68' title='bbox 200 1461 284 1518; x_wconf 89' lang='lat' dir='ltr'><strong>modo</strong></span> <span class='ocrx_word' id='word_1_69' title='bbox 296 1464 358 1519; x_wconf 81' lang='lat' dir='ltr'><strong>tom</strong></span> <span class='ocrx_word' id='word_1_70' title='bbox 371 1460 479 1519; x_wconf 78' lang='lat' dir='ltr'>celeres</span> <span class='ocrx_word' id='word_1_71' title='bbox 491 1460 606 1520; x_wconf 87' lang='lat' dir='ltr'><strong>mireris</strong></span> <span class='ocrx_word' id='word_1_72' title='bbox 619 1481 733 1520; x_wconf 81' lang='lat' dir='ltr'><strong>currere</strong></span> <span class='ocrx_word' id='word_1_73' title='bbox 746 1459 851 1519; x_wconf 76' lang='lat' dir='ltr'><strong>lintres</strong></span> 
     </span>
     <span class='ocr_line' id='line_1_13' title="bbox 186 1558 798 1631; baseline 0.002 -14"><span class='ocrx_word' id='word_1_74' title='bbox 186 1559 227 1617; x_wconf 87' lang='lat' dir='ltr'><strong>Et</strong></span> <span class='ocrx_word' id='word_1_75' title='bbox 238 1558 323 1617; x_wconf 89' lang='lat' dir='ltr'><strong>modo</strong></span> <span class='ocrx_word' id='word_1_76' title='bbox 335 1562 397 1617; x_wconf 85' lang='lat' dir='ltr'><strong>tem</strong></span> <span class='ocrx_word' id='word_1_77' title='bbox 409 1559 508 1618; x_wconf 82' lang='lat' dir='ltr'><strong>tardes</strong></span> <span class='ocrx_word' id='word_1_78' title='bbox 520 1558 642 1618; x_wconf 81' lang='lat' dir='ltr'><strong>funibus</strong></span> <span class='ocrx_word' id='word_1_79' title='bbox 654 1559 698 1617; x_wconf 93' lang='lat' dir='ltr'><strong>ire</strong></span> <span class='ocrx_word' id='word_1_80' title='bbox 710 1568 798 1631; x_wconf 84' lang='lat' dir='ltr'><strong>rates,</strong></span> 
     </span>
    </p>

    <p class='ocr_par' dir='ltr' id='par_1_9' title="bbox 146 1656 998 1832">
     <span class='ocr_line' id='line_1_14' title="bbox 146 1656 998 1731; baseline 0.004 -17"><span class='ocrx_word' id='word_1_81' title='bbox 146 1657 187 1716; x_wconf 84' lang='lat' dir='ltr'><strong>Et</strong></span> <span class='ocrx_word' id='word_1_82' title='bbox 199 1676 303 1715; x_wconf 89' lang='lat' dir='ltr'><strong>nemus</strong></span> <span class='ocrx_word' id='word_1_83' title='bbox 316 1676 399 1716; x_wconf 87' lang='lat' dir='ltr'><strong>omne</strong></span> <span class='ocrx_word' id='word_1_84' title='bbox 414 1659 490 1716; x_wconf 83' lang='lat' dir='ltr'><strong>setus</strong></span> <span class='ocrx_word' id='word_1_85' title='bbox 502 1656 638 1718; x_wconf 83' lang='lat' dir='ltr'><strong>intendet</strong></span> <span class='ocrx_word' id='word_1_86' title='bbox 650 1657 760 1717; x_wconf 83' lang='lat' dir='ltr'><strong>vertioe</strong></span> <span class='ocrx_word' id='word_1_87' title='bbox 774 1657 870 1731; x_wconf 85' lang='lat' dir='ltr'><strong>silves,</strong></span> <span class='ocrx_word' id='word_1_88' title='bbox 981 1666 998 1717; x_wconf 82' lang='lat'>5</span> 
     </span>
     <span class='ocr_line' id='line_1_15' title="bbox 185 1754 790 1832; baseline 0 -18"><span class='ocrx_word' id='word_1_89' title='bbox 185 1755 315 1831; x_wconf 85' lang='lat' dir='ltr'><strong>Urgetur</strong></span> <span class='ocrx_word' id='word_1_90' title='bbox 329 1754 448 1832; x_wconf 85' lang='lat' dir='ltr'><strong>quentis</strong></span> <span class='ocrx_word' id='word_1_91' title='bbox 462 1755 607 1815; x_wconf 79' lang='lat' dir='ltr'><strong>Caucasus</strong></span> <span class='ocrx_word' id='word_1_92' title='bbox 620 1756 790 1817; x_wconf 82' lang='lat' dir='ltr'>arboribus:</span> 
     </span>
    </p>
   </div>
   <div class='ocr_carea' id='block_1_5' title="bbox 90 1854 909 1915">
    <p class='ocr_par' dir='ltr' id='par_1_10' title="bbox 90 1854 909 1915">
     <span class='ocr_line' id='line_1_16' title="bbox 90 1854 909 1915; baseline 0.002 -2"><span class='ocrx_word' id='word_1_93' title='bbox 90 1870 93 1874; x_wconf 58' lang='lat'><strong><em>⁴</em></strong></span> <span class='ocrx_word' id='word_1_94' title='bbox 145 1854 175 1914; x_wconf 84' lang='lat' dir='ltr'>N</span> <span class='ocrx_word' id='word_1_95' title='bbox 176 1874 213 1913; x_wconf 89' lang='lat' dir='ltr'><strong>on</strong></span> <span class='ocrx_word' id='word_1_96' title='bbox 225 1857 325 1913; x_wconf 84' lang='lat' dir='ltr'><strong>tamen</strong></span> <span class='ocrx_word' id='word_1_97' title='bbox 336 1854 394 1913; x_wconf 86' lang='lat' dir='ltr'><strong>isto</strong></span> <span class='ocrx_word' id='word_1_98' title='bbox 407 1874 471 1913; x_wconf 88' lang='lat' dir='ltr'><strong>meo</strong></span> <span class='ocrx_word' id='word_1_99' title='bbox 484 1855 602 1914; x_wconf 77' lang='lat' dir='ltr'><strong>valeant</strong></span> <span class='ocrx_word' id='word_1_100' title='bbox 615 1855 788 1914; x_wconf 80' lang='lat' dir='ltr'><strong>contendere</strong></span> <span class='ocrx_word' id='word_1_101' title='bbox 801 1855 909 1915; x_wconf 86' lang='lat' dir='ltr'><strong>emori:</strong></span> 
     </span>
    </p>
   </div>
   <div class='ocr_carea' id='block_1_6' title="bbox 141 1953 998 3301">
    <p class='ocr_par' dir='ltr' id='par_1_11' title="bbox 141 1953 998 3301">
     <span class='ocr_line' id='line_1_17' title="bbox 184 1953 765 2028; baseline 0.003 -16"><span class='ocrx_word' id='word_1_102' title='bbox 184 1953 288 2013; x_wconf 81' lang='lat' dir='ltr'><strong>Nescit</strong></span> <span class='ocrx_word' id='word_1_103' title='bbox 299 1953 391 2012; x_wconf 86' lang='lat' dir='ltr'><strong>Amor</strong></span> <span class='ocrx_word' id='word_1_104' title='bbox 403 1953 517 2028; x_wconf 83' lang='lat' dir='ltr'><strong>magnis</strong></span> <span class='ocrx_word' id='word_1_105' title='bbox 530 1954 631 2013; x_wconf 80' lang='lat' dir='ltr'><strong>cedere</strong></span> <span class='ocrx_word' id='word_1_106' title='bbox 644 1954 765 2014; x_wconf 87' lang='lat' dir='ltr'><strong>divitiis.</strong></span> 
     </span>
     <span class='ocr_line' id='line_1_18' title="bbox 145 2052 890 2130; baseline -0.001 -18"><span class='ocrx_word' id='word_1_107' title='bbox 145 2052 222 2112; x_wconf 85' lang='lat' dir='ltr'><strong>Nem</strong></span> <span class='ocrx_word' id='word_1_108' title='bbox 236 2052 298 2112; x_wconf 87' lang='lat' dir='ltr'><strong>sive</strong></span> <span class='ocrx_word' id='word_1_109' title='bbox 311 2055 441 2128; x_wconf 84' lang='lat' dir='ltr'><strong>optatam</strong></span> <span class='ocrx_word' id='word_1_110' title='bbox 454 2072 568 2111; x_wconf 86' lang='lat' dir='ltr'><strong>meeum</strong></span> <span class='ocrx_word' id='word_1_111' title='bbox 580 2052 673 2112; x_wconf 82' lang='lat' dir='ltr'><strong>trahit</strong></span> <span class='ocrx_word' id='word_1_112' title='bbox 685 2053 738 2112; x_wconf 86' lang='lat' dir='ltr'><strong>illo</strong></span> <span class='ocrx_word' id='word_1_113' title='bbox 751 2052 890 2130; x_wconf 87' lang='lat' dir='ltr'><strong>quietem,</strong></span> 
     </span>
     <span class='ocr_line' id='line_1_19' title="bbox 185 2150 998 2225; baseline 0 -15"><span class='ocrx_word' id='word_1_114' title='bbox 185 2151 245 2210; x_wconf 79' lang='lat' dir='ltr'><strong>Seu</strong></span> <span class='ocrx_word' id='word_1_115' title='bbox 257 2150 339 2209; x_wconf 81' lang='lat' dir='ltr'><strong>facili</strong></span> <span class='ocrx_word' id='word_1_116' title='bbox 351 2154 448 2210; x_wconf 88' lang='lat' dir='ltr'><strong>totum</strong></span> <span class='ocrx_word' id='word_1_117' title='bbox 462 2150 543 2210; x_wconf 83' lang='lat' dir='ltr'><strong>ducit</strong></span> <span class='ocrx_word' id='word_1_118' title='bbox 556 2171 652 2210; x_wconf 84' lang='lat' dir='ltr'><strong>umore</strong></span> <span class='ocrx_word' id='word_1_119' title='bbox 665 2151 751 2225; x_wconf 86' lang='lat' dir='ltr'><strong>diem,</strong></span> <span class='ocrx_word' id='word_1_120' title='bbox 962 2159 998 2212; x_wconf 90' lang='lat'><strong>10</strong></span> 
     </span>
     <span class='ocr_line' id='line_1_20' title="bbox 144 2249 881 2328; baseline 0.004 -21"><span class='ocrx_word' id='word_1_121' title='bbox 144 2249 220 2307; x_wconf 74' lang='lat' dir='ltr'><strong>Tum</strong></span> <span class='ocrx_word' id='word_1_122' title='bbox 233 2249 307 2308; x_wconf 90' lang='lat' dir='ltr'><strong>mihi</strong></span> <span class='ocrx_word' id='word_1_123' title='bbox 319 2249 433 2308; x_wconf 79' lang='lat' dir='ltr'>Pactoli</span> <span class='ocrx_word' id='word_1_124' title='bbox 445 2249 570 2309; x_wconf 87' lang='lat' dir='ltr'><strong>veniunt</strong></span> <span class='ocrx_word' id='word_1_125' title='bbox 584 2250 638 2308; x_wconf 89' lang='lat' dir='ltr'><strong>sub</strong></span> <span class='ocrx_word' id='word_1_126' title='bbox 650 2252 730 2309; x_wconf 85' lang='lat' dir='ltr'><strong>teoto</strong></span> <span class='ocrx_word' id='word_1_127' title='bbox 742 2250 881 2328; x_wconf 87' lang='lat' dir='ltr'><strong>liquores,</strong></span> 
     </span>
     <span class='ocr_line' id='line_1_21' title="bbox 183 2347 855 2428; baseline 0.004 -22"><span class='ocrx_word' id='word_1_128' title='bbox 183 2349 224 2407; x_wconf 87' lang='lat' dir='ltr'><strong>Et</strong></span> <span class='ocrx_word' id='word_1_129' title='bbox 236 2347 347 2423; x_wconf 81' lang='lat' dir='ltr'><strong>legitur</strong></span> <span class='ocrx_word' id='word_1_130' title='bbox 358 2347 455 2408; x_wconf 89' lang='lat' dir='ltr'><strong>rubris</strong></span> <span class='ocrx_word' id='word_1_131' title='bbox 468 2368 581 2423; x_wconf 85' lang='lat' dir='ltr'><strong>gemma</strong></span> <span class='ocrx_word' id='word_1_132' title='bbox 594 2350 648 2409; x_wconf 90' lang='lat' dir='ltr'><strong>sub</strong></span> <span class='ocrx_word' id='word_1_133' title='bbox 662 2349 855 2428; x_wconf 79' lang='lat' dir='ltr'><strong>aequoribus:</strong></span> 
     </span>
     <span class='ocr_line' id='line_1_22' title="bbox 144 2445 915 2524; baseline 0.008 -21"><span class='ocrx_word' id='word_1_134' title='bbox 144 2445 220 2504; x_wconf 78' lang='lat' dir='ltr'><strong>Tum</strong></span> <span class='ocrx_word' id='word_1_135' title='bbox 233 2445 307 2504; x_wconf 90' lang='lat' dir='ltr'><strong>mihi</strong></span> <span class='ocrx_word' id='word_1_136' title='bbox 320 2465 449 2506; x_wconf 82' lang='lat' dir='ltr'><strong>cessuros</strong></span> <span class='ocrx_word' id='word_1_137' title='bbox 464 2448 607 2524; x_wconf 87' lang='lat' dir='ltr'><strong>spondent</strong></span> <span class='ocrx_word' id='word_1_138' title='bbox 619 2467 684 2507; x_wconf 89' lang='lat' dir='ltr'><strong>mea</strong></span> <span class='ocrx_word' id='word_1_139' title='bbox 698 2448 803 2523; x_wconf 82' lang='lat' dir='ltr'><strong>gaudio</strong></span> <span class='ocrx_word' id='word_1_140' title='bbox 814 2468 915 2524; x_wconf 79' lang='lat' dir='ltr'><strong>reges3</strong></span> 
     </span>
     <span class='ocr_line' id='line_1_23' title="bbox 183 2546 877 2624; baseline 0.007 -20"><span class='ocrx_word' id='word_1_141' title='bbox 183 2546 265 2610; x_wconf 77' lang='lat' dir='ltr'><strong>Ques</strong></span> <span class='ocrx_word' id='word_1_142' title='bbox 279 2548 424 2618; x_wconf 85' lang='lat' dir='ltr'><strong>moneant,</strong></span> <span class='ocrx_word' id='word_1_143' title='bbox 440 2546 511 2604; x_wconf 91' lang='lat' dir='ltr'><strong>dum</strong></span> <span class='ocrx_word' id='word_1_144' title='bbox 524 2566 570 2606; x_wconf 89' lang='lat' dir='ltr'><strong>me</strong></span> <span class='ocrx_word' id='word_1_145' title='bbox 583 2547 646 2606; x_wconf 82' lang='lat' dir='ltr'><strong>fatu</strong></span> <span class='ocrx_word' id='word_1_146' title='bbox 657 2547 753 2624; x_wconf 87' lang='lat' dir='ltr'><strong>perire</strong></span> <span class='ocrx_word' id='word_1_147' title='bbox 766 2549 877 2609; x_wconf 87' lang='lat' dir='ltr'><strong>volent.</strong></span> 
     </span>
     <span class='ocr_line' id='line_1_24' title="bbox 142 2643 995 2722; baseline 0.004 -18"><span class='ocrx_word' id='word_1_148' title='bbox 142 2644 219 2704; x_wconf 84' lang='lat' dir='ltr'><strong>Nem</strong></span> <span class='ocrx_word' id='word_1_149' title='bbox 234 2643 299 2722; x_wconf 90' lang='lat' dir='ltr'><strong>quis</strong></span> <span class='ocrx_word' id='word_1_150' title='bbox 312 2643 424 2704; x_wconf 83' lang='lat' dir='ltr'><strong>divitiis</strong></span> <span class='ocrx_word' id='word_1_151' title='bbox 437 2646 556 2715; x_wconf 80' lang='lat' dir='ltr'><strong>adverso</strong></span> <span class='ocrx_word' id='word_1_152' title='bbox 570 2646 678 2722; x_wconf 82' lang='lat' dir='ltr'><strong>gaudet</strong></span> <span class='ocrx_word' id='word_1_153' title='bbox 690 2647 822 2708; x_wconf 81' lang='lat' dir='ltr'><strong>Amore?</strong></span> <span class='ocrx_word' id='word_1_154' title='bbox 960 2654 995 2707; x_wconf 84' lang='lat'><strong>15</strong></span> 
     </span>
     <span class='ocr_line' id='line_1_25' title="bbox 181 2741 813 2820; baseline 0.005 -17"><span class='ocrx_word' id='word_1_155' title='bbox 181 2743 274 2803; x_wconf 80' lang='lat' dir='ltr'><strong>Nulla</strong></span> <span class='ocrx_word' id='word_1_156' title='bbox 286 2741 360 2801; x_wconf 87' lang='lat' dir='ltr'><strong>mihi</strong></span> <span class='ocrx_word' id='word_1_157' title='bbox 373 2743 453 2802; x_wconf 87' lang='lat' dir='ltr'><strong>tristi</strong></span> <span class='ocrx_word' id='word_1_158' title='bbox 466 2744 595 2820; x_wconf 84' lang='lat' dir='ltr'><strong>proemio</strong></span> <span class='ocrx_word' id='word_1_159' title='bbox 608 2745 669 2804; x_wconf 89' lang='lat' dir='ltr'><strong>sint</strong></span> <span class='ocrx_word' id='word_1_160' title='bbox 680 2746 813 2806; x_wconf 81' lang='lat' dir='ltr'><strong>Veners!</strong></span> 
     </span>
     <span class='ocr_line' id='line_1_26' title="bbox 143 2843 851 2922; baseline 0.006 -20"><span class='ocrx_word' id='word_1_161' title='bbox 143 2843 203 2902; x_wconf 81' lang='lat' dir='ltr'>Illa</span> <span class='ocrx_word' id='word_1_162' title='bbox 215 2845 313 2920; x_wconf 88' lang='lat' dir='ltr'><strong>potest</strong></span> <span class='ocrx_word' id='word_1_163' title='bbox 325 2863 444 2918; x_wconf 83' lang='lat' dir='ltr'><strong>magnes</strong></span> <span class='ocrx_word' id='word_1_164' title='bbox 456 2844 579 2903; x_wconf 91' lang='lat' dir='ltr'><strong>heroum</strong></span> <span class='ocrx_word' id='word_1_165' title='bbox 592 2844 752 2921; x_wconf 78' lang='lat' dir='ltr'><strong>infringere</strong></span> <span class='ocrx_word' id='word_1_166' title='bbox 765 2845 851 2922; x_wconf 86' lang='lat' dir='ltr'><strong>vires,</strong></span> 
     </span>
     <span class='ocr_line' id='line_1_27' title="bbox 181 2941 786 3004; baseline 0.007 -4"><span class='ocrx_word' id='word_1_167' title='bbox 181 2942 241 3000; x_wconf 86' lang='lat' dir='ltr'>Illa</span> <span class='ocrx_word' id='word_1_168' title='bbox 255 2941 342 3002; x_wconf 88' lang='lat' dir='ltr'><strong>etiem</strong></span> <span class='ocrx_word' id='word_1_169' title='bbox 355 2941 436 3000; x_wconf 91' lang='lat' dir='ltr'><strong>duris</strong></span> <span class='ocrx_word' id='word_1_170' title='bbox 449 2942 597 3002; x_wconf 87' lang='lat' dir='ltr'><strong>mentibus</strong></span> <span class='ocrx_word' id='word_1_171' title='bbox 610 2963 672 3003; x_wconf 90' lang='lat' dir='ltr'><strong>esse</strong></span> <span class='ocrx_word' id='word_1_172' title='bbox 685 2944 786 3004; x_wconf 89' lang='lat' dir='ltr'><strong>dolor:</strong></span> 
     </span>
     <span class='ocr_line' id='line_1_28' title="bbox 142 3040 915 3119; baseline 0.006 -20"><span class='ocrx_word' id='word_1_173' title='bbox 142 3040 201 3100; x_wconf 81' lang='lat' dir='ltr'>Illa</span> <span class='ocrx_word' id='word_1_174' title='bbox 213 3060 310 3119; x_wconf 89' lang='lat' dir='ltr'><strong>neque</strong></span> <span class='ocrx_word' id='word_1_175' title='bbox 323 3041 465 3102; x_wconf 83' lang='lat' dir='ltr'><strong>Arabium</strong></span> <span class='ocrx_word' id='word_1_176' title='bbox 478 3041 586 3101; x_wconf 86' lang='lat' dir='ltr'><strong>metuit</strong></span> <span class='ocrx_word' id='word_1_177' title='bbox 598 3045 803 3103; x_wconf 78' lang='lat' dir='ltr'><strong>transcendere</strong></span> <span class='ocrx_word' id='word_1_178' title='bbox 816 3043 915 3118; x_wconf 90' lang='lat' dir='ltr'><strong>limen,</strong></span> 
     </span>
     <span class='ocr_line' id='line_1_29' title="bbox 180 3140 994 3216; baseline 0 -16"><span class='ocrx_word' id='word_1_179' title='bbox 180 3140 211 3200; x_wconf 90' lang='lat' dir='ltr'>N</span> <span class='ocrx_word' id='word_1_180' title='bbox 211 3159 243 3199; x_wconf 89' lang='lat' dir='ltr'><strong>eo</strong></span> <span class='ocrx_word' id='word_1_181' title='bbox 256 3140 342 3200; x_wconf 87' lang='lat' dir='ltr'><strong>timet</strong></span> <span class='ocrx_word' id='word_1_182' title='bbox 355 3140 474 3215; x_wconf 77' lang='lat' dir='ltr'><strong>ostrum,</strong></span> <span class='ocrx_word' id='word_1_183' title='bbox 489 3141 585 3214; x_wconf 75' lang='lat' dir='ltr'><strong>Tulle,</strong></span> <span class='ocrx_word' id='word_1_184' title='bbox 602 3141 701 3202; x_wconf 89' lang='lat' dir='ltr'><strong>subire</strong></span> <span class='ocrx_word' id='word_1_185' title='bbox 713 3145 787 3216; x_wconf 82' lang='lat' dir='ltr'><strong>toro,</strong></span> <span class='ocrx_word' id='word_1_186' title='bbox 956 3147 994 3201; x_wconf 78' lang='lat'><strong>20</strong></span> 
     </span>
     <span class='ocr_line' id='line_1_30' title="bbox 141 3238 808 3301; baseline 0.007 -5"><span class='ocrx_word' id='word_1_187' title='bbox 141 3239 182 3297; x_wconf 87' lang='lat' dir='ltr'><strong>Et</strong></span> <span class='ocrx_word' id='word_1_188' title='bbox 194 3238 332 3298; x_wconf 88' lang='lat' dir='ltr'><strong>miserum</strong></span> <span class='ocrx_word' id='word_1_189' title='bbox 344 3243 407 3299; x_wconf 87' lang='lat' dir='ltr'><strong>toto</strong></span> <span class='ocrx_word' id='word_1_190' title='bbox 419 3240 557 3299; x_wconf 87' lang='lat' dir='ltr'><strong>iuvenem</strong></span> <span class='ocrx_word' id='word_1_191' title='bbox 570 3260 685 3300; x_wconf 85' lang='lat' dir='ltr'><strong>versere</strong></span> <span class='ocrx_word' id='word_1_192' title='bbox 699 3241 808 3301; x_wconf 83' lang='lat' dir='ltr'><strong>cubili:</strong></span> 
     </span>
    </p>
   </div>
   <div class='ocr_carea' id='block_1_7' title="bbox 180 3339 803 3406">
    <p class='ocr_par' dir='ltr' id='par_1_12' title="bbox 180 3339 803 3406">
     <span class='ocr_line' id='line_1_31' title="bbox 180 3339 803 3406; baseline 0.005 -8"><span class='ocrx_word' id='word_1_193' title='bbox 180 3339 259 3406; x_wconf 81' lang='lat' dir='ltr'><strong>Quid</strong></span> <span class='ocrx_word' id='word_1_194' title='bbox 271 3341 404 3404; x_wconf 81' lang='lat' dir='ltr'><strong>relevant</strong></span> <span class='ocrx_word' id='word_1_195' title='bbox 417 3341 506 3402; x_wconf 75' lang='lat' dir='ltr'><strong>variis</strong></span> <span class='ocrx_word' id='word_1_196' title='bbox 520 3341 611 3403; x_wconf 79' lang='lat' dir='ltr'><strong>serios</strong></span> <span class='ocrx_word' id='word_1_197' title='bbox 622 3340 803 3403; x_wconf 81' lang='lat' dir='ltr'><strong>textilibus?</strong></span> 
     </span>
    </p>
   </div>
   <div class='ocr_carea' id='block_1_8' title="bbox 0 0 1088 3720">
    <p class='ocr_par' dir='ltr' id='par_1_13' title="bbox 0 0 1088 3720">
     <span class='ocr_line' id='line_1_32' title="bbox 0 0 1088 3720; baseline 0 2"><span class='ocrx_word' id='word_1_198' title='bbox 0 0 1088 3720; x_wconf 95' lang='lat' dir='ltr'><strong> </strong></span> 
     </span>
    </p>
   </div>
  </div>
 </body>
</html>
