2168 3720
423 205 547 265 LIBER
567 206 623 266 IV.
864 196 869 203 ⁴
900 210 947 268 liii

99 426 104 433 ,
129 371 160 424 5.
176 369 224 425 21.
239 363 333 437 ItaN,
344 364 385 423 Η.
408 363 503 423 Locus
513 363 758 441 corruptissimus.
779 365 944 438 Turnebus,

86 465 231 540 Scaliger,
247 448 370 523 Iacobus
383 466 414 522 et
426 463 542 523 Peleius
556 483 662 522 nomen
675 464 827 541 proprium
836 466 946 541 amicae

86 585 144 642 pro
157 564 344 623 Dorozantum
361 562 512 635 dederunt,
527 563 728 636 Doroaam'm
745 565 944 636 Doriaaao‘am,

88 664 141 723 vel
152 662 352 738 Doryoom'am.
380 661 506 720 Plurimi
519 662 683 736 genitivum
692 663 838 740 pluralem
848 665 945 739 gentis

88 761 216 821 alicuius
235 761 312 819 ane
332 760 452 831 duxere,
475 761 525 818 sed
544 760 624 819 inter
642 781 743 820 eorum
764 762 946 822 coniecturas

88 860 176 919 nulla
187 859 231 918 ita
247 857 368 919 excellit
379 861 416 917 ut
433 857 466 916 in
482 860 601 917 textum
618 859 814 936 recipiendam
830 860 944 919 ducem.

89 960 154 1034 Ego
167 958 252 1018 credo
262 956 506 1016 nomenfluminis
516 957 640 1016 alicuius
650 959 752 1018 latere.
787 960 946 1019 Perusinus

88 1057 213 1117 exhibet
232 1057 418 1117 Doroaoatum
437 1058 467 1114 et
485 1056 670 1115 Ptolemaeus
689 1056 819 1116 fluminis
837 1057 944 1117 Dorice

89 1155 225 1234 (Δορίου)
238 1155 415 1215 mentionem
427 1154 507 1226 fecit,
524 1155 602 1232 quod
620 1155 730 1214 flumen
747 1175 837 1232 prope
850 1156 944 1230 regio·

89 1274 159 1314 nem
186 1273 302 1314 auream
324 1253 429 1313 Indiae
453 1257 538 1313 extra
561 1254 691 1329 Gangem
714 1253 786 1313 sitae
809 1254 842 1313 in
864 1274 944 1314 mare

88 1355 185 1412 Eoum
212 1353 289 1412 fluit.
330 1353 417 1429 Prop.
437 1352 559 1413 formam
580 1353 686 1412 Dorias
707 1373 861 1429 usurpasse
883 1373 943 1412 non

87 1451 261 1512 incredibile
296 1454 351 1511 est.
412 1451 490 1517 Quid
516 1471 568 1528 pro
599 1456 710 1510 santam
745 1453 944 1529 reponendum

87 1552 176 1611 valde
188 1552 341 1611 incertum.
369 1552 465 1611 Paene
478 1551 605 1609 adducor
617 1553 652 1609 ut
666 1550 808 1609 Graecum
821 1552 943 1610 verbum

87 1651 180 1710 semel
192 1650 343 1727 Propertio
356 1650 469 1721 donem,
488 1654 518 1709 et
530 1670 647 1709 versum
660 1650 703 1708 ita
715 1650 890 1710 rescribam:

210 1763 247 1823 Se
260 1765 291 1822 te
304 1763 365 1820 an
377 1761 457 1833 Dori,
473 1766 558 1833 ΖΩΗ,
574 1761 658 1820 iuvat
678 1781 765 1820 aurea
777 1763 851 1839 ripa.

88 1882 136 1943 (li.
157 1883 226 1942 Juv.
249 1881 310 1940 Sat.
326 1885 355 1939 6.
371 1884 438 1939 195.
480 1880 709 1956 Temptaveram‚
726 1880 804 1957 quod
819 1880 941 1940 fortasse

87 1981 216 2040 ridebis:

162 2091 195 2150 Si
207 2095 238 2150 te
251 2091 346 2148 Eoum
359 2089 396 2148 ad
408 2089 589 2148 horizontem
602 2088 686 2149 iuvat
699 2109 787 2149 aurea
799 2090 872 2166 ripa.

130 2215 158 2269 5.
178 2214 226 2268 28.
246 2209 391 2284 Plenam
403 2207 441 2265 N.

130 2313 158 2367 5.
180 2313 228 2366 29.
251 2306 309 2372 Qui
334 2307 414 2364 bunc
441 2325 559 2364 versum
582 2307 771 2363 correxemmt
801 2309 854 2364 ant
881 2326 940 2364 non

87 2408 226 2481 legerunt
252 2408 352 2464 notem
374 2402 570 2477 Hertzbergii,
607 2406 658 2461 aut
686 2422 789 2478 parum
818 2404 941 2479 legendo

87 2504 246 2581 profecere.
287 2501 417 2560 simulare
434 2501 566 2560 absolute
578 2501 706 2576 positum
721 2505 766 2559 est
783 2520 835 2577 pro
853 2502 942 2560 simu-

87 2602 218 2662 latione:
241 2604 271 2660 et
283 2602 375 2662 airam
387 2600 513 2676 pretium
524 2599 602 2674 scoot
620 2598 730 2657 dictum
751 2602 795 2658 est
813 2604 849 2659 ut
867 2601 945 2660 illud

82 2700 307 2776 protiamsooero
321 2700 381 2758 door
394 2718 482 2776 snpra
495 2704 542 2757 41.
560 2703 607 2757 81.
665 2703 692 2756 5.
709 2703 757 2756 34.
772 2698 876 2757 amitae
889 2700 927 2756 N.

130 2819 158 2871 5.
181 2818 228 2871 35.
251 2799 347 2871 imita
365 2811 404 2870 N.
470 2811 573 2870 Omiolo
586 2811 635 2869 vel
653 2810 773 2869 Omichle
786 2812 943 2870 rescribere

88 2914 250 2990 oportebat.
266 2911 411 2990 (ὀμίχλη).
452 2911 570 2987 Amycle
583 2911 681 2985 vulgo.

130 3017 158 3071 5.
181 3015 228 3068 36.
250 3009 332 3069 molis
345 3009 384 3067 N.
435 3014 463 3069 5.
478 3014 525 3067 44.
539 3014 612 3086 potes
625 3009 664 3066 N.
717 3012 744 3065 5.
761 3012 808 3065 50.
824 3027 888 3066 coro
901 3009 940 3069 Ν.

129 3116 157 3168 5.
179 3110 227 3169 47.
249 3107 477 3183 oratio—poam
489 3109 590 3184 Pomp.
606 3108 700 3171 Inscr.

129 3217 158 3268 5.
181 3215 227 3269 52.
254 3208 346 3269 Oeloto‘
357 3208 395 3268 N.
432 3209 542 3267 Crateti
553 3208 743 3266 Passeratius.
784 3206 939 3279 Coloten,

89 3307 445 3386 quodilleinterpretatur
455 3306 490 3364 de
499 3305 628 3364 barbaris
637 3323 740 3380 corpus
749 3324 802 3363 acu
811 3306 943 3365 velcaelo

88 3408 208 3485 punctis
218 3405 364 3484 (tomood)
376 3425 435 3465 non
451 3409 485 3465 ut
501 3404 553 3465 alii
566 3405 604 3467 de
617 3403 712 3466 servis
725 3403 914 3484 stigmatic'is.

500 3509 518 3550 e
