2168 3720
111 217 176 275 lxvi
382 216 692 279 POSTSORIPTUM.

432 485 640 545 ADDENDA.

152 643 247 703 Praef.
262 663 291 720 p.
308 643 335 702 7.
349 663 402 720 pro
416 644 551 720 discerpit
563 645 630 720 lege
644 646 786 704 discernit.

155 749 181 802 1.
206 749 231 803 1.
256 749 301 802 12.
323 745 411 802 Nune
432 745 499 803 dedi
523 747 642 804 cominus
666 745 789 822 expulso
815 747 908 806 videro
934 752 969 806 ut

114 843 218 917 glossa.
234 842 271 901 cf.
288 847 316 903 2.
334 848 379 901 15.
395 847 443 902 22.

157 947 182 1000 1.
200 941 246 1001 17.
262 946 309 999 26.
324 943 385 1000 rati
391 961 443 1018 pro
452 941 530 1000 altaro
539 943 747 1019 reponendum.
776 943 969 1021 (NotoBaeh-

114 1060 190 1099 rens.
206 1060 272 1098 eum
285 1039 322 1097 Ι).
335 1039 397 1116 V.).

156 1144 184 1199 2.
206 1145 234 1196 4.
258 1144 304 1198 30.
327 1138 428 1196 limitis
442 1139 641 1215 reponendum
659 1139 778 1199 videtur
790 1122 843 1217 aro
863 1141 967 1201 litoris.

116 1238 160 1296 Of.
177 1244 204 1296 4.
221 1242 248 1297 9.
265 1241 312 1295 60.

155 1343 183 1394 2.
207 1337 234 1396 7.
256 1340 304 1396 20.
325 1336 432 1394 nomiae
451 1354 502 1411 pro
516 1337 649 1412 sanquine
666 1337 831 1413 Postgatus,
847 1337 971 1399 fortasse

116 1455 193 1494 vere.

156 1541 184 1592 2.
207 1538 234 1592 9.
259 1537 304 1590 12.
325 1534 403 1591 vadis
423 1552 482 1591 non
503 1532 625 1593 mutavi.
666 1534 744 1592 Nam
764 1534 862 1594 neseio
882 1556 920 1595 an
941 1542 971 1594 et

116 1634 165 1691 hia
179 1637 209 1692 et
224 1638 251 1690 3.
269 1636 314 1690 ll.
331 1636 365 1690 51
389 1633 477 1708 (vada
490 1633 612 1691 flumina
625 1633 698 1706 Nili,
720 1633 773 1693 ubi
785 1635 876 1710 vulgo
896 1655 969 1694 corr.

116 1734 198 1809 vaga)
213 1731 351 1790 adieetivi
364 1731 426 1790 1000
444 1731 502 1790 isto
515 1732 656 1791 vocabulo
673 1732 843 1809 Propertius
856 1738 969 1793 utatur.

117 1832 205 1889 Nilus
219 1831 345 1888 minores
352 1830 472 1889 volvens
481 1829 605 1888 vertices
619 1829 744 1904 exiguus
753 1830 831 1891 fluit.
856 1832 971 1892 Maedis

117 1936 145 1987 2.
164 1936 191 1986 9.
210 1934 255 1988 12.
271 1929 410 2003 Postgate
425 1929 586 1988 adieetivus
599 1929 726 1989 videtum.

157 2035 185 2086 2.
209 2034 254 2089 15.
276 2033 324 2086 49.
366 2027 521 2087 Fortasse:
542 2029 590 2087 Da
608 2031 684 2087 modo
703 2030 768 2088 dum
788 2029 853 2115 licet
872 2036 919 2090 et:
941 2036 971 2091 et

117 2127 148 2185 in
163 2133 199 2184 48
214 2127 289 2186 asaal
307 2172 313 2184 .

157 2233 184 2284 2.
209 2232 255 2286 18.
278 2231 306 2286 5.
327 2225 480 2285 Fortasse:
509 2227 584 2294 Quid
595 2247 654 2286 mea
666 2227 694 2285 εί
711 2230 788 2286 caasa
804 2233 880 2287 aetas
896 2249 970 2288 masr-

118 2330 188 2382 aeret
201 2330 227 2382 et
241 2325 331 2384 asaia.
374 2324 459 2383 Certe
473 2327 549 2383 casia
562 2344 615 2401 per
628 2344 658 2384 se
672 2325 844 2402 capiendum
858 2331 913 2387 est.

158 2431 185 2482 2.
210 2429 256 2482 18.
281 2429 327 2484 12.
348 2425 426 2500 Lea:
447 2425 604 2484 abiunctos.

159 2529 186 2581 2.
209 2528 256 2580 22.
278 2528 326 2581 43.
349 2523 405 2581 Pro
429 2524 518 2582 venito
544 2523 665 2582 fortasse
688 2525 780 2583 videri
800 2526 850 2584 vel
872 2546 971 2602 κάρανα

117 2622 324 2697 reponendum.

159 2727 186 2778 2.
209 2725 256 2779 25.
279 2724 327 2777 25.
348 2721 436 2780 Prior
448 2740 501 2797 pro
515 2723 602 2797 prius
616 2721 732 2780 omnino
749 2721 873 2783 seribere
887 2743 971 2800 opor-

119 2819 195 2878 suia:
212 2817 321 2892 auriga,
337 2819 421 2876 modo
434 2820 521 2895 prior,
534 2819 612 2878 inter
625 2823 771 2879 extremos
784 2840 870 2898 saepe
883 2824 969 2882 redit.

160 2923 187 2974 2.
210 2922 257 2974 28.
280 2921 327 2974 40.
349 2916 437 2975 Latet
454 2917 575 2994 aliquid.
619 2917 700 2977 For‘a.
718 2918 861 2978 ‘Caerula
878 2922 910 2979 ia
926 2921 971 2979 in-

119 3015 201 3073 ferno
215 3015 361 3073 velificata
373 3014 459 3073 lacu?

160 3119 187 3172 2.
212 3119 258 3171 32.
281 3119 308 3171 9.
330 3113 406 3172 video
419 3112 529 3172 malim.

159 3220 187 3271 2.
210 3219 257 3271 34.
279 3218 327 3271 29.
348 3212 429 3271 Fora.
444 3213 702 3290 Dircaei—plastri
714 3217 762 3276 vel
775 3217 972 3295 Erythraea-

114 3315 227 3389 pleatra'.
270 3312 441 3390 (Erythraei
451 3314 596 3392 Ellisius.)
