2168 3720
164 222 201 274 20
347 213 564 272 PROPERTII
585 212 645 270 aL.
667 212 822 285 I,16.17.

203 374 243 431 llt
256 372 409 431 matutinis
423 371 565 447 obstrepit
578 371 708 429 alitibus.

164 473 211 530 Sic
225 491 277 545 ego
291 490 369 528 nunc
384 471 516 528 dominae
529 468 610 527 vitiis
623 472 654 527 et
667 488 779 545 semper
792 469 919 528 amantis

201 570 335 628 Fletibus
349 573 467 627 aeterna
479 568 604 643 differor
616 567 738 628 invidia.

550 765 625 803 XVII.

162 867 202 924 Et
215 865 327 936 merito,
344 864 480 941 quoniam
493 864 576 940 potui
589 864 700 939 fugisse
713 865 859 941 puellam!

200 964 288 1022 Nune
302 983 355 1037 ego
368 964 497 1021 desertas
510 964 644 1039 alloquor
657 965 801 1041 alcyonas.

161 1064 191 1122 N
192 1083 224 1122 ec
237 1063 310 1121 mihi
323 1062 457 1136 Cassiope
472 1060 556 1119 solito
569 1061 669 1119 visura
683 1063 837 1121 carinamct

202 1162 310 1234 Omine,
326 1166 353 1218 ct
365 1160 480 1234 ingrato
494 1158 581 1218 litore
594 1163 663 1219 vota
676 1161 793 1220 eadunt.

163 1261 241 1325 Quin
255 1261 343 1318 etiam
356 1258 470 1317 absenti
482 1262 605 1333 prosunt
617 1259 682 1331 tibi,
699 1260 834 1337 Cynthia,
850 1263 951 1322 venti:
994 1270 1009 1320 5

201 1359 316 1435 Aspice,
332 1378 418 1434 quam
434 1376 533 1415 saevas
546 1357 678 1434 increpat
692 1378 763 1417 aura
775 1359 884 1419 minas!

162 1458 291 1516 Nullane
304 1457 436 1532 placatae
449 1455 548 1513 veniet
561 1456 681 1514 fortuna
693 1457 862 1532 procellae?

200 1555 347 1614 Haeccine
360 1573 450 1630 parva
462 1573 560 1612 meum
572 1553 663 1612 funus
675 1555 784 1613 harena
796 1557 903 1630 teget?

161 1656 206 1713 Tu
219 1660 318 1714 tamen
327 1654 359 1711 in
372 1652 477 1711 melius
491 1672 591 1711 saevas
604 1658 739 1712 converte
752 1657 917 1730 querellas:

203 1754 255 1811 Sat
267 1752 323 1810 tibi
337 1751 375 1809 sit
388 1770 497 1826 poenae
511 1769 571 1809 nox
585 1754 615 1809 et
626 1751 730 1828 iniqua
742 1754 825 1812 voda.
976 1761 1010 1814 10

160 1853 208 1909 An
221 1851 330 1927 poteris
344 1849 426 1906 siccis
439 1868 503 1906 mea
516 1848 578 1907 lata
590 1849 849 1925 reponere'ooellis‚

200 1951 328 2035 Ossaque
341 1948 425 2006 nulla
437 1952 490 2005 tuo
504 1952 603 2006 nostra
616 1952 716 2007 tenere
730 1949 821 2008 sinu?

160 2051 209 2108 Ab
222 2053 331 2126 pereat,
348 2048 523 2125 quicumque
536 2051 614 2106 rates
627 2051 658 2106 et
670 2049 736 2106 vela
748 2049 863 2124 paravit

199 2150 314 2208 Primus
328 2151 358 2206 et
370 2146 464 2204 invito
478 2146 594 2220 gurgite
607 2145 679 2222 feeit
691 2146 757 2206 iter.

160 2249 189 2307 N
190 2269 265 2307 onne
277 2248 337 2306 fuit
349 2245 444 2304 levius
457 2245 589 2302 dominae
601 2245 769 2320 pervincere
782 2266 876 2306 mores
974 2255 1007 2308 15

200 2346 353 2424 (Quamvis
366 2345 447 2414 dura,
462 2347 561 2400 tamen
574 2363 639 2401 rara
652 2344 752 2419 puella
764 2345 846 2422 fuit),

161 2447 255 2511 Quam
268 2445 308 2502 sic
321 2443 429 2517 ignotis
444 2441 621 2500 circumdata
634 2443 721 2501 litora
734 2443 816 2501 silvis

199 2545 322 2602 Cernere
337 2545 367 2600 et
380 2544 493 2616 optatos
507 2560 645 2616 quaerere
659 2542 860 2620 Tyndaridas?

159 2643 227 2702 lllio
241 2642 266 2700 si
279 2661 338 2717 qna
350 2660 447 2698 meum
461 2641 632 2716 sepelissent
643 2641 706 2700 iata
719 2642 854 2714 dolorem,

198 2741 329 2800 Ultimus
343 2743 373 2798 et
385 2738 479 2814 posito
494 2742 585 2797 staret
596 2759 691 2798 amoro
704 2741 788 2816 lapis,
970 2749 1007 2799 20

160 2841 218 2898 Illa
231 2859 294 2898 meo
308 2858 387 2896 caros
400 2837 535 2895 donasset
547 2837 650 2896 lunere
664 2839 766 2910 crines,

198 2938 330 2997 Molliter
342 2940 372 2995 et
385 2940 485 2994 tenera
497 2939 619 3010 poneret
632 2956 695 2994 ossa
707 2956 789 2996 rosa:

158 3038 217 3095 Illa
230 3057 327 3095 meum
340 3038 470 3094 extremo
484 3033 636 3093 clamasset
647 3036 768 3111 pulvere
780 3056 895 3110 nomen,

198 3138 240 3196 Ut
252 3136 325 3194 mihi
337 3155 396 3193 non
408 3135 470 3192 ullo
482 3133 608 3209 pondero
621 3138 700 3194 terra
711 3136 798 3197 foret.

158 3238 199 3294 At
212 3255 263 3295 vos
276 3251 433 3311 aequoreae
445 3232 570 3289 formosa
582 3233 689 3292 Doride
701 3240 796 3307 natae,
968 3242 1005 3293 25

198 3333 326 3392 Candida
334 3331 414 3390 lelioi
427 3329 530 3390 solvite
544 3331 609 3391 vela
623 3332 708 3391 choro
720 3355 727 3390 :
799 3315 802 3319 ⁴
