2168 3720
321 215 539 275 PROPERTII
559 215 620 273 EL.
640 217 667 287 Ι,
693 220 738 274 13.
922 221 956 273 15

497 453 566 493 1111.

105 574 161 645 Tu,
177 572 257 650 quod
270 591 356 648 saepe
369 572 453 643 soles,
468 575 566 630 nostro
579 571 725 631 laetabere
739 591 816 643 casu,

145 672 241 744 Galle,
256 671 336 748 quod
349 672 470 746 abrepto
483 671 562 729 solus
575 690 671 729 amore
684 691 793 730 vacem.

104 774 149 830 at
161 790 222 830 non
235 770 298 846 ipse
310 773 378 831 tuas
391 769 535 842 imitabor,
550 771 669 846 perfide,
684 790 789 830 voces:

146 870 263 928 Fallere
276 874 307 928 te
320 888 490 945 numquam,
507 868 599 941 Galle,
614 868 715 944 puella
727 869 809 928 velit.

106 969 188 1027 Dum
200 967 258 1027 tibi
270 967 400 1043 deceptis
413 969 538 1041 augetur
550 966 628 1025 fama
640 966 757 1043 puellis,
944 974 960 1025 5

148 1069 253 1128 Certus
267 1071 297 1126 et
309 1067 341 1125 in
355 1066 438 1124 nullo
452 1064 568 1142 quaeris
581 1085 677 1124 amore
691 1086 809 1139 moram,

106 1168 245 1227 Perditus
257 1166 290 1224 in
303 1165 429 1242 quadam
442 1163 535 1224 tardis
546 1164 706 1240 pallescere
720 1165 797 1224 curia

148 1264 269 1341 Incipis,
287 1267 318 1324 et
330 1263 424 1340 primo
437 1263 537 1339 lapsus
550 1263 627 1322 abire
641 1265 741 1338 gradu.
865 1314 870 1328 .

107 1366 192 1425 Haeo
207 1364 263 1424 erit
275 1363 395 1422 illarum
409 1362 569 1438 contempti
581 1381 675 1438 poena
687 1363 803 1436 doloris,

101 1519 103 1522 ,
149 1464 313 1523 Multarum
326 1462 446 1522 miseras
459 1461 560 1536 exiget
572 1481 632 1520 una
644 1461 733 1521 vices.
928 1469 962 1522 10

108 1563 194 1641 Haec
205 1562 262 1621 tibi
275 1562 412 1636 vulgares
424 1560 497 1620 istos
510 1565 672 1637 compescet
685 1581 803 1635 amores,

150 1661 213 1720 Nec
225 1680 302 1719 nova
314 1660 481 1738 quaerendo
494 1678 608 1735 semper
620 1660 730 1719 amicus
744 1660 812 1720 eris.

110 1761 195 1819 Haec
209 1780 261 1835 ego
274 1779 334 1818 non
347 1777 462 1818 rumore
475 1759 562 1830 malo,
577 1778 636 1817 non
649 1778 760 1833 augure
773 1761 894 1820 doctus:

150 1859 221 1917 Vidi
235 1878 305 1933 ego:
327 1877 374 1916 me
388 1876 495 1934 quaeso
508 1860 585 1916 teste
598 1876 704 1931 negare
717 1858 822 1933 potes?

110 1957 182 2016 Vidi
195 1977 248 2032 ego
260 1961 292 2016 te
304 1959 368 2015 toto
381 1955 514 2015 vinctum
527 1955 714 2030 languescere
727 1957 801 2017 collo
930 1961 965 2014 15

152 2057 193 2115 Et
205 2057 276 2115 fiere
288 2054 415 2127 iniectis,
432 2054 525 2126 Galla
541 2054 592 2112 diu
605 2055 748 2128 manibus,

113 2155 154 2215 Et
167 2174 272 2230 cupere
286 2151 395 2229 optatis
408 2151 535 2211 animam
547 2153 691 2228 deponere
703 2152 790 2225 reris,

152 2255 194 2313 Et
207 2272 283 2331 quae
296 2252 401 2311 deinde
414 2271 496 2310 meus
510 2252 595 2324 celat,
611 2251 711 2323 amice,
727 2253 829 2327 pudor.

114 2352 183 2411 Non
196 2372 249 2428 ego
262 2351 434 2428 complexus
446 2350 531 2427 potui
544 2350 681 2408 diducere
693 2355 824 2410 vestros:

154 2451 268 2534 Tantus
281 2453 345 2515 eret
358 2449 478 2509 demens
491 2448 722 2525 interutrosque
735 2449 826 2511 furor.
931 2459 967 2511 20

114 2550 183 2609 Non
197 2549 238 2608 sic
251 2549 415 2609 Haemonio
430 2549 597 2608 Salmonida
609 2548 722 2608 mixtus
735 2549 847 2628 Enipeo

154 2648 314 2708 Taenarius
326 2648 408 2708 facili
421 2647 528 2724 pressit
541 2667 637 2729 amore
650 2646 731 2720 deus,

116 2748 179 2807 Nec
192 2748 234 2807 sio
247 2748 401 2808 caelestem
413 2747 541 2822 flagrans
554 2766 634 2806 amor
646 2747 786 2807 Herculis
798 2748 904 2809 Heben

156 2846 255 2907 Sensit
266 2846 300 2906 in
312 2845 455 2906 aethereis
468 2845 576 2922 gaudia
587 2844 682 2922 prima
694 2845 782 2921 iugis.

115 2945 183 3005 Una
195 2945 258 3005 dies
271 2944 365 3004 omnis
377 2944 476 3022 potuit
487 2963 673 3020 praecurrere
687 2948 834 3006 amantes:
932 2951 969 3005 25

155 3045 235 3104 Nam
245 3043 303 3105 tibi
315 3062 375 3104 non
387 3043 502 3121 tepidas
516 3043 646 3103 subdidit
658 3043 712 3104 illa
724 3043 811 3117 faces,

116 3142 179 3203 Neo
191 3143 248 3203 tibi
261 3142 435 3220 praeteritos
447 3163 533 3220 passa
546 3145 592 3204 est
605 3143 758 3204 succedere
770 3142 873 3217 fastus,

156 3242 220 3302 Neo
233 3241 311 3303 sinet
323 3241 445 3302 abduci:
466 3245 497 3302 te
510 3245 583 3303 tuus
595 3243 680 3302 ordor
693 3245 770 3318 aget.

117 3341 180 3402 Nec
191 3339 308 3414 mirum,
324 3360 392 3402 curn
406 3340 445 3402 sit
458 3341 530 3402 Iove
543 3341 633 3418 digua
646 3345 677 3402 et
688 3341 823 3420 proxima
835 3341 940 3416 Ledae,
