<?xml version="1.0" encoding="UTF-8"?>
<!DOCTYPE html PUBLIC "-//W3C//DTD XHTML 1.0 Transitional//EN"
    "http://www.w3.org/TR/xhtml1/DTD/xhtml1-transitional.dtd">
<html xmlns="http://www.w3.org/1999/xhtml" xml:lang="en" lang="en">
 <head>
  <title>
</title>
<meta http-equiv="Content-Type" content="text/html;charset=utf-8" />
  <meta name='ocr-system' content='tesseract 3.04.00' />
  <meta name='ocr-capabilities' content='ocr_page ocr_carea ocr_par ocr_line ocrx_word'/>
</head>
<body>
  <div class='ocr_page' id='page_1' title='image "./elegiarumlibrii00palmgoog_0079.png"; bbox 0 0 2168 3720; ppageno 0'>
   <div class='ocr_carea' id='block_1_1' title="bbox 155 205 803 278">
    <p class='ocr_par' dir='ltr' id='par_1_1' title="bbox 155 205 803 278">
     <span class='ocr_line' id='line_1_1' title="bbox 155 205 803 278; baseline 0.002 -14"><span class='ocrx_word' id='word_1_1' title='bbox 155 212 172 264; x_wconf 81' lang='lat'><strong>2</strong></span> <span class='ocrx_word' id='word_1_2' title='bbox 355 205 572 265; x_wconf 81' lang='lat' dir='ltr'><strong>PROPERTII</strong></span> <span class='ocrx_word' id='word_1_3' title='bbox 592 205 652 264; x_wconf 68' lang='grc' dir='ltr'><strong>ΕΒ.</strong></span> <span class='ocrx_word' id='word_1_4' title='bbox 674 206 700 278; x_wconf 85' lang='grc' dir='ltr'><strong>Ι,</strong></span> <span class='ocrx_word' id='word_1_5' title='bbox 726 211 752 264; x_wconf 93' lang='grc'><strong>1.</strong></span> <span class='ocrx_word' id='word_1_6' title='bbox 775 211 803 265; x_wconf 83' lang='lat'><strong>2.</strong></span> 
     </span>
    </p>
   </div>
   <div class='ocr_carea' id='block_1_2' title="bbox 152 362 1010 2427">
    <p class='ocr_par' dir='ltr' id='par_1_2' title="bbox 152 362 1010 2427">
     <span class='ocr_line' id='line_1_2' title="bbox 193 362 805 440; baseline 0.002 -18"><span class='ocrx_word' id='word_1_7' title='bbox 193 365 223 422; x_wconf 88' lang='lat' dir='ltr'>N</span> <span class='ocrx_word' id='word_1_8' title='bbox 224 384 255 423; x_wconf 86' lang='lat' dir='ltr'><strong>ee</strong></span> <span class='ocrx_word' id='word_1_9' title='bbox 268 362 402 422; x_wconf 78' lang='lat' dir='ltr'><strong>meminit</strong></span> <span class='ocrx_word' id='word_1_10' title='bbox 414 367 507 435; x_wconf 85' lang='lat' dir='ltr'><strong>notas,</strong></span> <span class='ocrx_word' id='word_1_11' title='bbox 522 367 559 422; x_wconf 90' lang='lat' dir='ltr'><strong>ut</strong></span> <span class='ocrx_word' id='word_1_12' title='bbox 570 363 661 440; x_wconf 88' lang='lat' dir='ltr'><strong>prius,</strong></span> <span class='ocrx_word' id='word_1_13' title='bbox 676 362 720 423; x_wconf 90' lang='lat' dir='ltr'><strong>ire</strong></span> <span class='ocrx_word' id='word_1_14' title='bbox 732 364 805 423; x_wconf 84' lang='lat' dir='ltr'><strong>vias.</strong></span> 
     </span>
     <span class='ocr_line' id='line_1_3' title="bbox 153 462 837 543; baseline 0.003 -22"><span class='ocrx_word' id='word_1_15' title='bbox 153 463 197 523; x_wconf 79' lang='lat' dir='ltr'><strong>As</strong></span> <span class='ocrx_word' id='word_1_16' title='bbox 209 483 268 534; x_wconf 87' lang='lat' dir='ltr'><strong>vos,</strong></span> <span class='ocrx_word' id='word_1_17' title='bbox 285 463 426 521; x_wconf 82' lang='lat' dir='ltr'><strong>deductae</strong></span> <span class='ocrx_word' id='word_1_18' title='bbox 439 463 546 540; x_wconf 83' lang='lat' dir='ltr'><strong>quibus</strong></span> <span class='ocrx_word' id='word_1_19' title='bbox 559 467 605 523; x_wconf 87' lang='lat' dir='ltr'><strong>est</strong></span> <span class='ocrx_word' id='word_1_20' title='bbox 616 462 735 543; x_wconf 73' lang='lat' dir='ltr'><strong>fallacia</strong></span> <span class='ocrx_word' id='word_1_21' title='bbox 747 464 837 523; x_wconf 80' lang='lat' dir='ltr'><strong>lunae</strong></span> 
     </span>
     <span class='ocr_line' id='line_1_4' title="bbox 193 560 1008 646; baseline 0 -26"><span class='ocrx_word' id='word_1_22' title='bbox 193 563 233 621; x_wconf 88' lang='lat' dir='ltr'><strong>Et</strong></span> <span class='ocrx_word' id='word_1_23' title='bbox 245 560 504 645; x_wconf 83' lang='lat' dir='ltr'><strong>laberinmagieis</strong></span> <span class='ocrx_word' id='word_1_24' title='bbox 517 582 598 646; x_wconf 80' lang='lat' dir='ltr'><strong>saera</strong></span> <span class='ocrx_word' id='word_1_25' title='bbox 610 562 691 639; x_wconf 85' lang='lat' dir='ltr'><strong>piare</strong></span> <span class='ocrx_word' id='word_1_26' title='bbox 703 562 785 637; x_wconf 82' lang='lat' dir='ltr'><strong>iocis,</strong></span> <span class='ocrx_word' id='word_1_27' title='bbox 971 568 1008 621; x_wconf 80' lang='lat'><strong>20</strong></span> 
     </span>
     <span class='ocr_line' id='line_1_5' title="bbox 153 661 940 736; baseline 0.001 -16"><span class='ocrx_word' id='word_1_28' title='bbox 153 662 201 720; x_wconf 89' lang='lat' dir='ltr'><strong>En</strong></span> <span class='ocrx_word' id='word_1_29' title='bbox 214 661 337 736; x_wconf 84' lang='lat' dir='ltr'><strong>agedum</strong></span> <span class='ocrx_word' id='word_1_30' title='bbox 351 661 483 719; x_wconf 84' lang='lat' dir='ltr'><strong>dominae</strong></span> <span class='ocrx_word' id='word_1_31' title='bbox 496 663 625 719; x_wconf 84' lang='lat' dir='ltr'><strong>mentem</strong></span> <span class='ocrx_word' id='word_1_32' title='bbox 639 661 800 721; x_wconf 83' lang='lat' dir='ltr'><strong>eonvertite</strong></span> <span class='ocrx_word' id='word_1_33' title='bbox 813 663 940 734; x_wconf 77' lang='lat' dir='ltr'><strong>nostrae,</strong></span> 
     </span>
     <span class='ocr_line' id='line_1_6' title="bbox 193 760 774 837; baseline 0.003 -19"><span class='ocrx_word' id='word_1_34' title='bbox 193 761 233 820; x_wconf 75' lang='lat' dir='ltr'><strong>Et</strong></span> <span class='ocrx_word' id='word_1_35' title='bbox 245 760 335 819; x_wconf 79' lang='lat' dir='ltr'><strong>facite</strong></span> <span class='ocrx_word' id='word_1_36' title='bbox 347 760 401 819; x_wconf 83' lang='lat' dir='ltr'><strong>illa</strong></span> <span class='ocrx_word' id='word_1_37' title='bbox 413 781 474 819; x_wconf 89' lang='lat' dir='ltr'><strong>meo</strong></span> <span class='ocrx_word' id='word_1_38' title='bbox 487 761 598 837; x_wconf 81' lang='lat' dir='ltr'><strong>palleat</strong></span> <span class='ocrx_word' id='word_1_39' title='bbox 612 781 660 821; x_wconf 90' lang='lat' dir='ltr'><strong>ore</strong></span> <span class='ocrx_word' id='word_1_40' title='bbox 672 761 774 836; x_wconf 85' lang='lat' dir='ltr'><strong>magis.</strong></span> 
     </span>
     <span class='ocr_line' id='line_1_7' title="bbox 153 847 967 934; baseline 0.005 -18"><span class='ocrx_word' id='word_1_41' title='bbox 153 859 236 917; x_wconf 84' lang='lat' dir='ltr'><strong>Tune</strong></span> <span class='ocrx_word' id='word_1_42' title='bbox 250 879 303 934; x_wconf 88' lang='lat' dir='ltr'><strong>ego</strong></span> <span class='ocrx_word' id='word_1_43' title='bbox 317 859 487 919; x_wconf 77' lang='lat' dir='ltr'><strong>crediderim</strong></span> <span class='ocrx_word' id='word_1_44' title='bbox 500 859 581 918; x_wconf 82' lang='lat' dir='ltr'><strong>vobis</strong></span> <span class='ocrx_word' id='word_1_45' title='bbox 596 867 626 919; x_wconf 88' lang='lat' dir='ltr'><strong>et</strong></span> <span class='ocrx_word' id='word_1_46' title='bbox 639 860 735 919; x_wconf 83' lang='lat' dir='ltr'><strong>sidera</strong></span> <span class='ocrx_word' id='word_1_47' title='bbox 748 863 778 920; x_wconf 89' lang='lat' dir='ltr'><strong>et</strong></span> <span class='ocrx_word' id='word_1_48' title='bbox 791 879 891 920; x_wconf 83' lang='lat' dir='ltr'><strong>amnes</strong></span> <span class='ocrx_word' id='word_1_49' title='bbox 963 847 967 858; x_wconf 53' lang='lat'>¹</span> 
     </span>
     <span class='ocr_line' id='line_1_8' title="bbox 192 959 746 1036; baseline 0.002 -19"><span class='ocrx_word' id='word_1_50' title='bbox 192 960 279 1019; x_wconf 81' lang='lat' dir='ltr'><strong>Posse</strong></span> <span class='ocrx_word' id='word_1_51' title='bbox 293 959 426 1036; x_wconf 81' lang='lat' dir='ltr'><strong>Cytaines</strong></span> <span class='ocrx_word' id='word_1_52' title='bbox 440 959 545 1017; x_wconf 77' lang='lat' dir='ltr'><strong>ducere</strong></span> <span class='ocrx_word' id='word_1_53' title='bbox 560 959 746 1018; x_wconf 84' lang='lat' dir='ltr'><strong>carminibus.</strong></span> 
     </span>
     <span class='ocr_line' id='line_1_9' title="bbox 153 1056 1007 1135; baseline -0.002 -19"><span class='ocrx_word' id='word_1_54' title='bbox 153 1059 193 1117; x_wconf 87' lang='lat' dir='ltr'><strong>Et</strong></span> <span class='ocrx_word' id='word_1_55' title='bbox 206 1079 266 1131; x_wconf 76' lang='lat' dir='ltr'><strong>vos,</strong></span> <span class='ocrx_word' id='word_1_56' title='bbox 283 1058 335 1135; x_wconf 89' lang='lat' dir='ltr'><strong>qui</strong></span> <span class='ocrx_word' id='word_1_57' title='bbox 349 1076 411 1116; x_wconf 86' lang='lat' dir='ltr'><strong>sero</strong></span> <span class='ocrx_word' id='word_1_58' title='bbox 424 1058 539 1133; x_wconf 84' lang='lat' dir='ltr'><strong>lapsum</strong></span> <span class='ocrx_word' id='word_1_59' title='bbox 552 1057 703 1129; x_wconf 84' lang='lat' dir='ltr'><strong>revoeatis,</strong></span> <span class='ocrx_word' id='word_1_60' title='bbox 720 1056 814 1131; x_wconf 81' lang='lat' dir='ltr'><strong>amiei,</strong></span> <span class='ocrx_word' id='word_1_61' title='bbox 970 1063 1007 1115; x_wconf 83' lang='lat'><strong>25</strong></span> 
     </span>
     <span class='ocr_line' id='line_1_10' title="bbox 193 1155 753 1231; baseline 0 -16"><span class='ocrx_word' id='word_1_62' title='bbox 193 1157 331 1222; x_wconf 76' lang='lat' dir='ltr'><strong>Quaerite</strong></span> <span class='ocrx_word' id='word_1_63' title='bbox 345 1175 404 1215; x_wconf 89' lang='lat' dir='ltr'><strong>non</strong></span> <span class='ocrx_word' id='word_1_64' title='bbox 418 1156 480 1214; x_wconf 88' lang='lat' dir='ltr'><strong>sani</strong></span> <span class='ocrx_word' id='word_1_65' title='bbox 493 1155 618 1231; x_wconf 76' lang='lat' dir='ltr'><strong>pectoris</strong></span> <span class='ocrx_word' id='word_1_66' title='bbox 632 1156 753 1216; x_wconf 82' lang='lat' dir='ltr'><strong>auxilia.</strong></span> 
     </span>
     <span class='ocr_line' id='line_1_11' title="bbox 152 1251 869 1332; baseline 0 -16"><span class='ocrx_word' id='word_1_67' title='bbox 152 1259 282 1318; x_wconf 80' lang='lat' dir='ltr'><strong>Fortiter</strong></span> <span class='ocrx_word' id='word_1_68' title='bbox 295 1260 325 1316; x_wconf 89' lang='lat' dir='ltr'><strong>et</strong></span> <span class='ocrx_word' id='word_1_69' title='bbox 337 1257 449 1316; x_wconf 83' lang='lat' dir='ltr'><strong>ferrum</strong></span> <span class='ocrx_word' id='word_1_70' title='bbox 463 1276 562 1315; x_wconf 82' lang='lat' dir='ltr'><strong>saevos</strong></span> <span class='ocrx_word' id='word_1_71' title='bbox 574 1251 721 1332; x_wconf 86' lang='lat' dir='ltr'><strong>patiemur</strong></span> <span class='ocrx_word' id='word_1_72' title='bbox 734 1261 765 1317; x_wconf 91' lang='lat' dir='ltr'><strong>et</strong></span> <span class='ocrx_word' id='word_1_73' title='bbox 777 1258 869 1332; x_wconf 85' lang='lat' dir='ltr'><strong>ignes,</strong></span> 
     </span>
     <span class='ocr_line' id='line_1_12' title="bbox 193 1355 829 1434; baseline -0.003 -18"><span class='ocrx_word' id='word_1_74' title='bbox 193 1357 239 1416; x_wconf 82' lang='lat' dir='ltr'><strong>sit</strong></span> <span class='ocrx_word' id='word_1_75' title='bbox 251 1357 335 1415; x_wconf 88' lang='lat' dir='ltr'><strong>modo</strong></span> <span class='ocrx_word' id='word_1_76' title='bbox 348 1356 476 1428; x_wconf 83' lang='lat' dir='ltr'><strong>libertas,</strong></span> <span class='ocrx_word' id='word_1_77' title='bbox 493 1374 568 1432; x_wconf 84' lang='lat' dir='ltr'><strong>quae</strong></span> <span class='ocrx_word' id='word_1_78' title='bbox 581 1356 656 1414; x_wconf 87' lang='lat' dir='ltr'><strong>velit</strong></span> <span class='ocrx_word' id='word_1_79' title='bbox 668 1355 720 1428; x_wconf 85' lang='lat' dir='ltr'><strong>ira,</strong></span> <span class='ocrx_word' id='word_1_80' title='bbox 735 1356 829 1434; x_wconf 80' lang='lat' dir='ltr'><strong>ioqui.</strong></span> 
     </span>
     <span class='ocr_line' id='line_1_13' title="bbox 153 1454 907 1531; baseline -0.003 -16"><span class='ocrx_word' id='word_1_81' title='bbox 153 1457 241 1515; x_wconf 82' lang='lat' dir='ltr'><strong>Ferte</strong></span> <span class='ocrx_word' id='word_1_82' title='bbox 254 1475 306 1531; x_wconf 91' lang='lat' dir='ltr'><strong>per</strong></span> <span class='ocrx_word' id='word_1_83' title='bbox 320 1458 466 1513; x_wconf 82' lang='lat' dir='ltr'><strong>extremas</strong></span> <span class='ocrx_word' id='word_1_84' title='bbox 480 1456 590 1528; x_wconf 81' lang='lat' dir='ltr'><strong>gentes,</strong></span> <span class='ocrx_word' id='word_1_85' title='bbox 607 1458 638 1513; x_wconf 93' lang='lat' dir='ltr'><strong>et</strong></span> <span class='ocrx_word' id='word_1_86' title='bbox 650 1454 725 1513; x_wconf 84' lang='lat' dir='ltr'><strong>ferte</strong></span> <span class='ocrx_word' id='word_1_87' title='bbox 738 1475 791 1531; x_wconf 89' lang='lat' dir='ltr'><strong>per</strong></span> <span class='ocrx_word' id='word_1_88' title='bbox 804 1455 907 1528; x_wconf 79' lang='lat' dir='ltr'><strong>undas,</strong></span> 
     </span>
     <span class='ocr_line' id='line_1_14' title="bbox 194 1553 1008 1620; baseline -0.002 -7"><span class='ocrx_word' id='word_1_89' title='bbox 194 1555 330 1620; x_wconf 77' lang='lat' dir='ltr'><strong>Quanon</strong></span> <span class='ocrx_word' id='word_1_90' title='bbox 344 1553 407 1611; x_wconf 84' lang='lat' dir='ltr'><strong>ulla</strong></span> <span class='ocrx_word' id='word_1_91' title='bbox 419 1572 517 1611; x_wconf 91' lang='lat' dir='ltr'><strong>meum</strong></span> <span class='ocrx_word' id='word_1_92' title='bbox 528 1553 639 1611; x_wconf 81' lang='lat' dir='ltr'><strong>femina</strong></span> <span class='ocrx_word' id='word_1_93' title='bbox 651 1554 730 1612; x_wconf 87' lang='lat' dir='ltr'><strong>norit</strong></span> <span class='ocrx_word' id='word_1_94' title='bbox 742 1554 808 1612; x_wconf 88' lang='lat' dir='ltr'><strong>iter.</strong></span> <span class='ocrx_word' id='word_1_95' title='bbox 970 1558 1008 1612; x_wconf 87' lang='lat'><strong>30</strong></span> 
     </span>
     <span class='ocr_line' id='line_1_15' title="bbox 153 1652 904 1726; baseline -0.003 -13"><span class='ocrx_word' id='word_1_96' title='bbox 153 1654 213 1713; x_wconf 88' lang='lat' dir='ltr'><strong>Vos</strong></span> <span class='ocrx_word' id='word_1_97' title='bbox 225 1655 382 1723; x_wconf 86' lang='lat' dir='ltr'><strong>remanete,</strong></span> <span class='ocrx_word' id='word_1_98' title='bbox 399 1652 506 1726; x_wconf 90' lang='lat' dir='ltr'><strong>quibus</strong></span> <span class='ocrx_word' id='word_1_99' title='bbox 518 1652 600 1711; x_wconf 82' lang='lat' dir='ltr'><strong>facili</strong></span> <span class='ocrx_word' id='word_1_100' title='bbox 612 1653 693 1711; x_wconf 90' lang='lat' dir='ltr'><strong>Deus</strong></span> <span class='ocrx_word' id='word_1_101' title='bbox 707 1653 812 1712; x_wconf 79' lang='lat' dir='ltr'><strong>annuit</strong></span> <span class='ocrx_word' id='word_1_102' title='bbox 825 1672 904 1726; x_wconf 84' lang='lat' dir='ltr'><strong>aure,</strong></span> 
     </span>
     <span class='ocr_line' id='line_1_16' title="bbox 193 1751 776 1828; baseline -0.003 -15"><span class='ocrx_word' id='word_1_103' title='bbox 193 1753 266 1813; x_wconf 79' lang='lat' dir='ltr'><strong>sitis</strong></span> <span class='ocrx_word' id='word_1_104' title='bbox 280 1755 311 1811; x_wconf 90' lang='lat' dir='ltr'><strong>et</strong></span> <span class='ocrx_word' id='word_1_105' title='bbox 323 1751 355 1809; x_wconf 93' lang='lat' dir='ltr'><strong>in</strong></span> <span class='ocrx_word' id='word_1_106' title='bbox 368 1754 434 1809; x_wconf 88' lang='lat' dir='ltr'><strong>tuto</strong></span> <span class='ocrx_word' id='word_1_107' title='bbox 449 1771 561 1827; x_wconf 85' lang='lat' dir='ltr'><strong>semper</strong></span> <span class='ocrx_word' id='word_1_108' title='bbox 574 1771 670 1810; x_wconf 81' lang='lat' dir='ltr'><strong>amore</strong></span> <span class='ocrx_word' id='word_1_109' title='bbox 682 1771 776 1828; x_wconf 86' lang='lat' dir='ltr'><strong>pares.</strong></span> 
     </span>
     <span class='ocr_line' id='line_1_17' title="bbox 155 1852 855 1927; baseline -0.004 -12"><span class='ocrx_word' id='word_1_110' title='bbox 155 1857 193 1915; x_wconf 92' lang='lat' dir='ltr'><strong>In</strong></span> <span class='ocrx_word' id='word_1_111' title='bbox 206 1875 252 1914; x_wconf 93' lang='lat' dir='ltr'><strong>me</strong></span> <span class='ocrx_word' id='word_1_112' title='bbox 265 1857 365 1912; x_wconf 78' lang='lat' dir='ltr'><strong>nostra·</strong></span> <span class='ocrx_word' id='word_1_113' title='bbox 377 1852 478 1911; x_wconf 86' lang='lat' dir='ltr'><strong>Venus</strong></span> <span class='ocrx_word' id='word_1_114' title='bbox 491 1855 591 1918; x_wconf 82' lang='lat' dir='ltr'><strong>noctes</strong></span> <span class='ocrx_word' id='word_1_115' title='bbox 604 1857 722 1912; x_wconf 82' lang='lat' dir='ltr'><strong>exercet</strong></span> <span class='ocrx_word' id='word_1_116' title='bbox 735 1873 855 1927; x_wconf 80' lang='lat' dir='ltr'><strong>emeras,</strong></span> 
     </span>
     <span class='ocr_line' id='line_1_18' title="bbox 194 1952 780 2028; baseline 0 -16"><span class='ocrx_word' id='word_1_117' title='bbox 194 1955 234 2013; x_wconf 87' lang='lat' dir='ltr'><strong>Et</strong></span> <span class='ocrx_word' id='word_1_118' title='bbox 247 1953 329 2012; x_wconf 85' lang='lat' dir='ltr'><strong>nullo</strong></span> <span class='ocrx_word' id='word_1_119' title='bbox 341 1971 451 2011; x_wconf 83' lang='lat' dir='ltr'><strong>vacuus</strong></span> <span class='ocrx_word' id='word_1_120' title='bbox 465 1954 594 2028; x_wconf 85' lang='lat' dir='ltr'><strong>tempore</strong></span> <span class='ocrx_word' id='word_1_121' title='bbox 607 1952 678 2010; x_wconf 87' lang='lat' dir='ltr'><strong>defit</strong></span> <span class='ocrx_word' id='word_1_122' title='bbox 691 1971 780 2012; x_wconf 80' lang='lat' dir='ltr'><strong>amor.</strong></span> 
     </span>
     <span class='ocr_line' id='line_1_19' title="bbox 154 2051 1008 2128; baseline -0.007 -14"><span class='ocrx_word' id='word_1_123' title='bbox 154 2055 229 2126; x_wconf 85' lang='lat' dir='ltr'><strong>Hoc,</strong></span> <span class='ocrx_word' id='word_1_124' title='bbox 241 2072 352 2124; x_wconf 89' lang='lat' dir='ltr'><strong>moneo,</strong></span> <span class='ocrx_word' id='word_1_125' title='bbox 362 2051 454 2109; x_wconf 79' lang='lat' dir='ltr'><strong>vitate</strong></span> <span class='ocrx_word' id='word_1_126' title='bbox 465 2051 589 2109; x_wconf 89' lang='lat' dir='ltr'><strong>malum:</strong></span> <span class='ocrx_word' id='word_1_127' title='bbox 605 2070 658 2109; x_wconf 83' lang='lat' dir='ltr'><strong>sue</strong></span> <span class='ocrx_word' id='word_1_128' title='bbox 666 2070 811 2128; x_wconf 88' lang='lat' dir='ltr'><strong>quemque</strong></span> <span class='ocrx_word' id='word_1_129' title='bbox 819 2052 951 2110; x_wconf 85' lang='lat' dir='ltr'><strong>moretur</strong></span> <span class='ocrx_word' id='word_1_130' title='bbox 971 2055 1008 2109; x_wconf 84' lang='lat'><strong>35</strong></span> 
     </span>
     <span class='ocr_line' id='line_1_20' title="bbox 195 2150 1010 2228; baseline -0.005 -15"><span class='ocrx_word' id='word_1_131' title='bbox 195 2156 280 2225; x_wconf 82' lang='lat' dir='ltr'><strong>Oura,</strong></span> <span class='ocrx_word' id='word_1_132' title='bbox 296 2170 391 2228; x_wconf 89' lang='lat' dir='ltr'><strong>neque</strong></span> <span class='ocrx_word' id='word_1_133' title='bbox 405 2152 520 2209; x_wconf 87' lang='lat' dir='ltr'><strong>assueto</strong></span> <span class='ocrx_word' id='word_1_134' title='bbox 533 2153 629 2208; x_wconf 87' lang='lat' dir='ltr'><strong>mutet</strong></span> <span class='ocrx_word' id='word_1_135' title='bbox 642 2169 738 2208; x_wconf 83' lang='lat' dir='ltr'><strong>amore</strong></span> <span class='ocrx_word' id='word_1_136' title='bbox 751 2150 857 2209; x_wconf 82' lang='lat' dir='ltr'><strong>locum.</strong></span> <span class='ocrx_word' id='word_1_137' title='bbox 1006 2156 1010 2160; x_wconf 73' lang='grc'><strong>’</strong></span> 
     </span>
     <span class='ocr_line' id='line_1_21' title="bbox 156 2249 879 2329; baseline -0.007 -17"><span class='ocrx_word' id='word_1_138' title='bbox 156 2253 241 2319; x_wconf 83' lang='lat' dir='ltr'><strong>Quod</strong></span> <span class='ocrx_word' id='word_1_139' title='bbox 254 2252 279 2311; x_wconf 91' lang='lat' dir='ltr'><strong>si</strong></span> <span class='ocrx_word' id='word_1_140' title='bbox 292 2251 358 2329; x_wconf 90' lang='lat' dir='ltr'><strong>quis</strong></span> <span class='ocrx_word' id='word_1_141' title='bbox 371 2250 490 2309; x_wconf 89' lang='lat' dir='ltr'><strong>monitis</strong></span> <span class='ocrx_word' id='word_1_142' title='bbox 502 2250 600 2308; x_wconf 77' lang='lat' dir='ltr'><strong>tardas</strong></span> <span class='ocrx_word' id='word_1_143' title='bbox 614 2249 775 2312; x_wconf 79' lang='lat' dir='ltr'><strong>adverterit</strong></span> <span class='ocrx_word' id='word_1_144' title='bbox 785 2268 879 2321; x_wconf 84' lang='lat' dir='ltr'><strong>aures,</strong></span> 
     </span>
     <span class='ocr_line' id='line_1_22' title="bbox 193 2347 818 2427; baseline -0.003 -17"><span class='ocrx_word' id='word_1_145' title='bbox 193 2352 264 2411; x_wconf 88' lang='lat' dir='ltr'><strong>Heu</strong></span> <span class='ocrx_word' id='word_1_146' title='bbox 276 2351 385 2411; x_wconf 79' lang='lat' dir='ltr'><strong>referet</strong></span> <span class='ocrx_word' id='word_1_147' title='bbox 398 2352 509 2427; x_wconf 86' lang='lat' dir='ltr'><strong>quanto</strong></span> <span class='ocrx_word' id='word_1_148' title='bbox 522 2349 612 2408; x_wconf 81' lang='lat' dir='ltr'><strong>verbs</strong></span> <span class='ocrx_word' id='word_1_149' title='bbox 624 2348 723 2408; x_wconf 87' lang='lat' dir='ltr'><strong>dolore</strong></span> <span class='ocrx_word' id='word_1_150' title='bbox 735 2347 818 2408; x_wconf 83' lang='lat' dir='ltr'><strong>mea!</strong></span> 
     </span>
    </p>
   </div>
   <div class='ocr_carea' id='block_1_3' title="bbox 563 2547 599 2589">
    <p class='ocr_par' dir='ltr' id='par_1_3' title="bbox 563 2547 599 2589">
     <span class='ocr_line' id='line_1_23' title="bbox 563 2547 599 2589; baseline 0.028 -1"><span class='ocrx_word' id='word_1_151' title='bbox 563 2547 599 2589; x_wconf 94' lang='lat'><strong>11.</strong></span> 
     </span>
    </p>
   </div>
   <div class='ocr_carea' id='block_1_4' title="bbox 155 2633 1009 3220">
    <p class='ocr_par' dir='ltr' id='par_1_4' title="bbox 155 2633 1009 3220">
     <span class='ocr_line' id='line_1_24' title="bbox 156 2633 830 2726; baseline -0.006 -16"><span class='ocrx_word' id='word_1_152' title='bbox 156 2633 234 2718; x_wconf 79' lang='lat' dir='ltr'><strong>Quid</strong></span> <span class='ocrx_word' id='word_1_153' title='bbox 246 2650 330 2710; x_wconf 86' lang='lat' dir='ltr'><strong>iuvat</strong></span> <span class='ocrx_word' id='word_1_154' title='bbox 344 2650 445 2708; x_wconf 82' lang='lat' dir='ltr'><strong>omato</strong></span> <span class='ocrx_word' id='word_1_155' title='bbox 457 2648 621 2726; x_wconf 85' lang='lat' dir='ltr'><strong>pro&#39;eedere,</strong></span> <span class='ocrx_word' id='word_1_156' title='bbox 636 2647 707 2720; x_wconf 83' lang='lat' dir='ltr'><strong>vite,</strong></span> <span class='ocrx_word' id='word_1_157' title='bbox 724 2646 830 2724; x_wconf 76' lang='lat' dir='ltr'><strong>eupillo</strong></span> 
     </span>
     <span class='ocr_line' id='line_1_25' title="bbox 194 2745 762 2809; baseline -0.007 0"><span class='ocrx_word' id='word_1_158' title='bbox 194 2751 235 2808; x_wconf 89' lang='lat' dir='ltr'><strong>Et</strong></span> <span class='ocrx_word' id='word_1_159' title='bbox 246 2751 352 2809; x_wconf 87' lang='lat' dir='ltr'><strong>tenues</strong></span> <span class='ocrx_word' id='word_1_160' title='bbox 365 2748 423 2808; x_wconf 82' lang='lat' dir='ltr'><strong>Oea</strong></span> <span class='ocrx_word' id='word_1_161' title='bbox 435 2750 517 2807; x_wconf 87' lang='lat' dir='ltr'><strong>veste</strong></span> <span class='ocrx_word' id='word_1_162' title='bbox 530 2766 645 2805; x_wconf 86' lang='lat' dir='ltr'><strong>movere</strong></span> <span class='ocrx_word' id='word_1_163' title='bbox 659 2745 762 2806; x_wconf 82' lang='lat' dir='ltr'><strong>sinus?</strong></span> 
     </span>
     <span class='ocr_line' id='line_1_26' title="bbox 155 2845 852 2927; baseline -0.009 -18"><span class='ocrx_word' id='word_1_164' title='bbox 155 2852 220 2909; x_wconf 84' lang='lat' dir='ltr'><strong>Aut</strong></span> <span class='ocrx_word' id='word_1_165' title='bbox 233 2848 305 2927; x_wconf 89' lang='lat' dir='ltr'><strong>quid</strong></span> <span class='ocrx_word' id='word_1_166' title='bbox 318 2847 445 2906; x_wconf 85' lang='lat' dir='ltr'><strong>Orontea</strong></span> <span class='ocrx_word' id='word_1_167' title='bbox 458 2845 552 2906; x_wconf 82' lang='lat' dir='ltr'><strong>crines</strong></span> <span class='ocrx_word' id='word_1_168' title='bbox 564 2845 741 2922; x_wconf 78' lang='lat' dir='ltr'><strong>perfundere</strong></span> <span class='ocrx_word' id='word_1_169' title='bbox 752 2863 852 2904; x_wconf 79' lang='lat' dir='ltr'><strong>murra</strong></span> 
     </span>
     <span class='ocr_line' id='line_1_27' title="bbox 194 2944 814 3025; baseline -0.003 -18"><span class='ocrx_word' id='word_1_170' title='bbox 194 2948 294 3025; x_wconf 78' lang='lat' dir='ltr'><strong>Teque</strong></span> <span class='ocrx_word' id='word_1_171' title='bbox 306 2946 469 3024; x_wconf 78' lang='lat' dir='ltr'><strong>peregrinis</strong></span> <span class='ocrx_word' id='word_1_172' title='bbox 481 2945 607 3005; x_wconf 86' lang='lat' dir='ltr'><strong>vendere</strong></span> <span class='ocrx_word' id='word_1_173' title='bbox 619 2944 814 3005; x_wconf 80' lang='lat' dir='ltr'><strong>muneribus?</strong></span> 
     </span>
     <span class='ocr_line' id='line_1_28' title="bbox 155 3044 1009 3124; baseline -0.004 -18"><span class='ocrx_word' id='word_1_174' title='bbox 155 3047 344 3124; x_wconf 83' lang='lat' dir='ltr'><strong>Neturseque</strong></span> <span class='ocrx_word' id='word_1_175' title='bbox 357 3045 446 3105; x_wconf 82' lang='lat' dir='ltr'><strong>decus</strong></span> <span class='ocrx_word' id='word_1_176' title='bbox 457 3047 585 3105; x_wconf 78' lang='lat' dir='ltr'><strong>mereatu</strong></span> <span class='ocrx_word' id='word_1_177' title='bbox 597 3045 717 3121; x_wconf 84' lang='lat' dir='ltr'><strong>perdere</strong></span> <span class='ocrx_word' id='word_1_178' title='bbox 732 3044 826 3118; x_wconf 80' lang='lat' dir='ltr'><strong>cultu,</strong></span> <span class='ocrx_word' id='word_1_179' title='bbox 991 3051 1009 3103; x_wconf 86' lang='grc'><strong><em>5</em></strong></span> 
     </span>
     <span class='ocr_line' id='line_1_29' title="bbox 193 3141 913 3220; baseline -0.001 -16"><span class='ocrx_word' id='word_1_180' title='bbox 193 3146 256 3205; x_wconf 84' lang='lat' dir='ltr'><strong>Nee</strong></span> <span class='ocrx_word' id='word_1_181' title='bbox 269 3144 364 3204; x_wconf 87' lang='lat' dir='ltr'><strong>sinere</strong></span> <span class='ocrx_word' id='word_1_182' title='bbox 376 3142 409 3203; x_wconf 91' lang='lat' dir='ltr'><strong>in</strong></span> <span class='ocrx_word' id='word_1_183' title='bbox 420 3143 546 3220; x_wconf 89' lang='lat' dir='ltr'><strong>propriis</strong></span> <span class='ocrx_word' id='word_1_184' title='bbox 557 3143 687 3203; x_wconf 86' lang='lat' dir='ltr'><strong>membra</strong></span> <span class='ocrx_word' id='word_1_185' title='bbox 698 3141 794 3203; x_wconf 85' lang='lat' dir='ltr'><strong>nitere</strong></span> <span class='ocrx_word' id='word_1_186' title='bbox 805 3141 913 3203; x_wconf 83' lang='lat' dir='ltr'><strong>bonis?</strong></span> 
     </span>
    </p>
   </div>
   <div class='ocr_carea' id='block_1_5' title="bbox 155 3242 900 3405">
    <p class='ocr_par' dir='ltr' id='par_1_5' title="bbox 155 3242 900 3405">
     <span class='ocr_line' id='line_1_30' title="bbox 155 3242 900 3319; baseline -0.004 -14"><span class='ocrx_word' id='word_1_187' title='bbox 155 3244 246 3305; x_wconf 78' lang='lat' dir='ltr'><strong>Crede</strong></span> <span class='ocrx_word' id='word_1_188' title='bbox 257 3242 341 3316; x_wconf 88' lang='lat' dir='ltr'><strong>mihi,</strong></span> <span class='ocrx_word' id='word_1_189' title='bbox 356 3262 416 3303; x_wconf 89' lang='lat' dir='ltr'><strong>non</strong></span> <span class='ocrx_word' id='word_1_190' title='bbox 428 3243 492 3302; x_wconf 83' lang='lat' dir='ltr'><strong>ulle</strong></span> <span class='ocrx_word' id='word_1_191' title='bbox 503 3245 602 3303; x_wconf 75' lang='lat' dir='ltr'><strong>tuaest</strong></span> <span class='ocrx_word' id='word_1_192' title='bbox 614 3242 760 3303; x_wconf 71' lang='lat' dir='ltr'><strong>medisina</strong></span> <span class='ocrx_word' id='word_1_193' title='bbox 770 3243 900 3319; x_wconf 76' lang='lat' dir='ltr'><strong>figurae:</strong></span> 
     </span>
     <span class='ocr_line' id='line_1_31' title="bbox 193 3341 852 3405; baseline -0.003 -3"><span class='ocrx_word' id='word_1_194' title='bbox 193 3341 300 3403; x_wconf 83' lang='lat' dir='ltr'><strong>Nudus</strong></span> <span class='ocrx_word' id='word_1_195' title='bbox 312 3342 403 3403; x_wconf 85' lang='lat' dir='ltr'><strong>Amor</strong></span> <span class='ocrx_word' id='word_1_196' title='bbox 415 3341 525 3403; x_wconf 78' lang='lat' dir='ltr'><strong>formae</strong></span> <span class='ocrx_word' id='word_1_197' title='bbox 538 3361 598 3402; x_wconf 88' lang='lat' dir='ltr'><strong>non</strong></span> <span class='ocrx_word' id='word_1_198' title='bbox 610 3344 689 3403; x_wconf 77' lang='lat' dir='ltr'><strong>amat</strong></span> <span class='ocrx_word' id='word_1_199' title='bbox 702 3341 852 3405; x_wconf 65' lang='lat' dir='ltr'><strong>mmmm.</strong></span> 
     </span>
    </p>
   </div>
   <div class='ocr_carea' id='block_1_6' title="bbox 0 0 1090 3720">
    <p class='ocr_par' dir='ltr' id='par_1_6' title="bbox 0 0 1090 3720">
     <span class='ocr_line' id='line_1_32' title="bbox 0 0 1090 3720; baseline 0 0"><span class='ocrx_word' id='word_1_200' title='bbox 0 0 1090 3720; x_wconf 95' lang='lat' dir='ltr'><strong> </strong></span> 
     </span>
    </p>
   </div>
  </div>
 </body>
</html>
