2168 3720
330 176 753 266 reornarhnu.11,1a
927 199 962 252 41

114 356 194 415 Desit
207 353 358 414 odoriferis
372 354 441 412 ordo
454 352 528 411 mihi
541 352 690 412 lancibus:
714 352 811 411 adsint

150 454 251 514 Plebei
263 473 370 531 parvae
382 450 496 510 brueris
510 451 660 528 exequiae.

115 557 164 617 Sat
173 576 238 615 mea
251 559 297 614 sot
309 572 415 628 magna
425 552 500 610 crisi
513 555 573 610 tres
588 552 646 611 sint
659 571 766 629 pompa
776 553 879 624 libelli,
926 558 963 610 25

150 655 231 721 Quos
244 673 297 729 ego
310 653 511 728 Persephonae
524 651 652 710 maxima
665 651 740 709 dona
752 651 853 710 feram.

113 755 157 813 Tu
169 773 239 813 vero
252 753 365 811 nudum
379 755 482 827 pectus
495 751 621 809 lacerata
635 751 773 826 sequeris,

150 853 213 912 Nee
225 850 318 910 fueris
331 869 437 908 nomen
450 849 526 907 lassa
538 867 641 907 vocare
654 868 761 920 mcum,

114 952 277 1028 Osculaque
290 950 323 1008 in
336 949 441 1024 gelidis
454 967 543 1025 pones
557 967 692 1023 suprema
704 947 828 1019 labellis,

110 1119 115 1130 Ι
151 1050 226 1108 (lum
239 1048 357 1107 dabitur
371 1048 456 1125 Syrio
469 1062 590 1104 munere
603 1047 709 1122 plenus
723 1065 812 1122 onyx.
928 1051 964 1103 30

112 1148 233 1220 Deinde,
250 1147 302 1207 ubi
316 1146 482 1222 subpositus
495 1145 622 1203 cinerem
635 1165 681 1203 me
693 1144 797 1203 lecerit
810 1145 902 1217 ardor,

150 1247 288 1324 Accipiat
300 1266 400 1305 manes
413 1245 537 1321 parvula
549 1247 627 1303 testa
640 1263 727 1310 meos,

112 1348 150 1406 Et
164 1346 249 1406 sitin
263 1345 369 1420 exiguo
382 1346 484 1403 laurus
498 1343 685 1419 superaddita
697 1344 792 1414 busto,

151 1444 233 1510 Quae
246 1448 328 1520 tegat
342 1443 468 1503 extincti
480 1442 593 1502 funeris
606 1445 710 1502 umbra
722 1444 828 1501 locum.

112 1543 151 1601 Et
159 1544 217 1601 duo
226 1543 286 1601 sint
295 1562 411 1601 versus:
424 1547 443 1575 “
451 1542 509 1607 Qui
517 1562 596 1601 nunc
606 1542 681 1601 iacet
691 1541 920 1618 horridapulvis,
928 1547 964 1599 35

149 1642 247 1700 Unius
259 1641 308 1700 hie
322 1642 468 1718 quondam
482 1661 583 1699 servus
595 1641 711 1699 Amoris
725 1640 817 1700 erat.''

111 1740 140 1798 N
141 1760 173 1800 ec
186 1741 284 1799 minus
296 1742 369 1799 haec
381 1739 474 1798 nostri
487 1743 619 1798 notescet
631 1739 709 1797 lama
723 1739 857 1815 sepulcri,

151 1841 246 1907 Quam
258 1841 378 1901 fuerant
391 1841 494 1900 Phthii
506 1843 593 1900 busta
607 1843 729 1899 cruenta
741 1839 807 1900 riri.

114 1941 162 2000 Tu
177 1960 295 2018 quoque
308 1940 333 1998 si
347 1940 464 2017 quando
477 1940 577 1998 venies
591 1940 628 1997 ad
640 1938 710 2010 fata,
727 1940 881 2012 memento,

150 2039 216 2098 Hoc
229 2039 287 2098 iter
300 2040 337 2098 ad
349 2038 462 2114 lapides
476 2057 547 2096 cana
560 2037 629 2096 veni
642 2056 791 2096 memores.
929 2041 967 2093 40

112 2138 230 2196 Interea
243 2157 312 2197 aare
326 2138 365 2196 sis
377 2156 431 2195 nos
444 2139 598 2213 aspernata
612 2136 759 2212 sepultos:

150 2237 181 2294 N
181 2256 218 2294 on
232 2235 308 2294 nihil
321 2237 359 2295 ed
371 2256 474 2295 rerum
488 2235 601 2294 conscia
614 2237 693 2293 terra
708 2233 793 2309 sapit.

111 2337 212 2412 Atque
224 2335 339 2394 utinam
352 2335 453 2412 primis
466 2335 593 2394 animam
606 2354 652 2393 me
666 2353 773 2410 ponere
787 2333 870 2392 cunis

151 2434 290 2494 Iussisset
303 2434 423 2510 quaevis
436 2435 472 2493 de
485 2433 582 2493 tribus
594 2453 655 2492 una
669 2433 766 2492 soror!

111 2533 141 2591 N
142 2553 188 2591 am
201 2553 260 2611 quo
274 2536 335 2592 tam
349 2532 454 2592 dubiae
468 2535 601 2592 servetur
615 2531 736 2608 spiritus
748 2532 859 2592 horae?
929 2537 966 2590 45

150 2631 283 2691 Nestoris
296 2634 342 2691 est
354 2631 434 2691 visus
446 2635 513 2707 post
525 2630 584 2691 tria
598 2632 693 2690 saecla
706 2630 788 2690 cinis.

116 2731 171 2788 Oui
184 2732 212 2789 sa'
223 2734 285 2789 tam
298 2731 402 2805 longae
415 2730 569 2789 minuisset
581 2730 644 2789 fata
658 2734 790 2789 senectae

150 2831 281 2890 Bellicus
295 2831 395 2890 Iliacis
408 2830 493 2889 miles
505 2830 537 2888 in
551 2830 716 2905 aggeribus,

111 2929 179 2987 Non
192 2929 241 2988 illo
255 2930 407 2989 Antilochi
420 2929 543 2989 vidisset
556 2949 660 3005 eorpus
673 2927 798 2998 humari,

149 3027 269 3086 Diceret
282 3032 353 3088 aut:
379 3034 398 3062 “
408 3029 433 3087 Ο
443 3049 528 3103 mors,
541 3048 594 3088 eur
606 3027 680 3086 mihi
694 3046 757 3086 sera
769 3025 852 3085 renis
862 3024 896 3084 ?''
929 3029 967 3081 50

111 3124 157 3184 Tu
169 3129 269 3186 tamen
284 3127 388 3186 amisso
402 3147 461 3186 non
474 3143 635 3205 numquam
648 3126 732 3185 flebis
746 3123 856 3184 amico:

150 3226 207 3285 Fas
221 3229 266 3285 est
279 3226 452 3302 praeteritos
465 3247 577 3304 semper
591 3245 688 3286 amare
701 3225 789 3283 viros.

111 3325 214 3400 Testis,
231 3326 284 3404 qui
297 3325 417 3386 niveum
431 3329 575 3406 quondam
589 3325 733 3405 percussit
746 3326 879 3383 Adonem
