2168 3720
149 207 185 259 50
327 202 545 261 PROPERTII
564 203 624 261 ΕΒ.
640 203 684 275 ΙΙ,
704 209 748 263 19.
765 210 813 264 20.

148 359 227 424 Quin
237 372 292 434 'ogo
305 359 337 417 in
350 359 465 419 assidua
477 364 588 420 mutem
600 363 653 420 tua
665 362 783 422 nomina
795 363 916 439 lingna:

185 460 309 520 Absenti
322 480 406 520 nemo
419 480 479 519 non
491 460 622 521 nocuisse
635 461 718 522 velit.

544 658 594 697 XX.

146 756 224 821 Quid
235 757 288 815 fles
302 757 426 815 abducta
439 756 556 833 gravius
568 756 722 818 Briseide?
742 760 814 836 quid
826 762 879 820 fles

184 855 284 913 Anxia
298 855 412 931 captiva
425 855 539 914 tristius
552 855 777 917 Andromacha?

146 953 260 1018 Quidve
273 974 337 1012 mec
349 954 385 1012 dc
397 953 499 1012 fraude
513 955 588 1028 deos,
604 954 707 1015 insana
718 956 852 1032 fatigas?

186 1053 264 1118 Quid
277 1052 406 1130 quereris
419 1056 547 1112 nostram
561 1053 601 1112 sic
615 1055 750 1114 cecidisse
764 1057 874 1115 fidem?
895 1086 900 1095 ·

145 1153 212 1211 Non
224 1156 286 1211 tam
298 1156 441 1211 nocturna
453 1151 580 1210 volucris
592 1152 710 1212 frmeota
724 1156 856 1231 querella
977 1163 994 1214 5

184 1252 284 1311 Attica
298 1251 442 1327 Cecropiis
456 1250 597 1326 obstrepit
609 1251 642 1309 in
654 1251 743 1325 foliis,

145 1351 206 1408 Nec
220 1354 336 1409 tantum
350 1349 443 1408 Niobe
455 1349 501 1408 bis
515 1368 567 1407 sex
581 1349 617 1407 ad
629 1350 717 1408 busta
730 1353 854 1426 superba

185 1448 315 1508 Sollicito
328 1447 460 1506 lacrimas
473 1447 577 1507 defluit
589 1468 607 1506 a
621 1449 731 1525 Sipylo.

145 1549 195 1606 Me
207 1548 278 1607 licet
292 1546 396 1606 aeratis
410 1546 573 1621 astringant
585 1547 705 1605 brachia
716 1548 808 1620 nodis,

185 1647 251 1707 Sint
264 1666 328 1704 mea
341 1647 389 1704 vel
401 1646 516 1704 Danaes
530 1645 645 1704 condita
657 1648 786 1705 membra
799 1648 900 1708 domo:
959 1654 993 1707 10

145 1748 226 1805 Inte
240 1764 293 1819 ego
307 1748 337 1803 et
351 1749 461 1802 aeratas
474 1762 615 1820 rumpam,
631 1764 696 1803 mea
708 1744 778 1819 vito,
794 1750 918 1820 catenas,

184 1847 334 1902 Ferratam
347 1843 462 1901 Danaes
476 1843 695 1919 transiliamque
709 1845 835 1903 domum.

109 2023 112 2028 ι
144 1946 188 2003 De
202 1948 232 2003 te
246 1944 447 2020 quodcumque
462 1943 498 2000 ad
511 1943 611 2002 surdas
623 1943 696 2002 mihi
710 1944 817 2004 dicitur
831 1965 931 2005 aures:

184 2044 230 2101 Tu
242 2043 326 2100 modo
339 2061 377 2100 ne
390 2041 492 2100 dubita
505 2042 541 2100 de
555 2043 698 2117 gravitate
711 2063 784 2102 mea.

145 2144 216 2202 Ossa
228 2143 284 2203 tibi
296 2143 360 2201 iuro
373 2162 425 2218 per
437 2142 537 2200 matris
551 2146 581 2201 et
594 2162 658 2200 ossa
670 2142 808 2218 parentis,
958 2124 992 2202 15

185 2243 217 2302 Si
228 2243 307 2313 fallo,
324 2243 396 2300 cinis
408 2242 467 2300 heu
480 2241 519 2300 sit
532 2240 605 2299 mihi
618 2245 741 2318 uterque
756 2241 870 2316 gravisi

144 2343 194 2401 Me
206 2342 262 2402 tibi
276 2343 312 2400 ad
325 2345 469 2401 extremas
482 2361 658 2413 mansurum,
674 2340 745 2411 vita,
759 2342 912 2400 tenebras:

184 2442 292 2498 Ambos
305 2461 365 2498 una
377 2441 449 2498 fides
462 2440 583 2512 auferet,
599 2460 659 2498 unc
672 2439 742 2498 dies.

146 2539 230 2604 Quod
244 2539 267 2597 si
280 2559 333 2597 nec
346 2558 451 2596 nomen
463 2559 516 2597 nec
530 2559 576 2597 me
589 2542 642 2597 tua
654 2538 747 2596 forma
759 2540 882 2611 teneret,

184 2639 284 2696 Posset
297 2637 448 2696 servitium
460 2637 532 2696 mite
544 2641 644 2696 tenere
656 2641 751 2696 tuum
851 2653 853 2657 ·
955 2644 991 2696 20

146 2738 275 2813 Septima
287 2737 345 2795 iarn
357 2737 460 2813 plenae
474 2736 627 2795 deducitur
640 2736 733 2795 orbita
745 2737 842 2808 lunae,

184 2835 257 2894 Cum
271 2837 306 2894 de
320 2856 365 2894 me
380 2838 409 2894 ct
422 2836 458 2894 de
471 2837 501 2894 te
515 2834 640 2910 compita
652 2835 735 2892 nulla
748 2837 863 2894 tacent:

145 2936 263 2993 Interea
275 2935 358 2993 nobis
371 2954 430 2992 non
443 2954 601 3010 numquam
613 2934 702 2992 ianua
714 2934 819 3007 mollis,

185 3037 251 3096 Non
264 3056 423 3112 numquam
435 3035 506 3094 lecti
520 3035 601 3111 copia
614 3036 693 3094 iacta
705 3036 759 3094 tui.

144 3136 206 3194 Nee
219 3135 291 3193 mibi
304 3134 472 3193 muneribus
484 3153 545 3192 nox
557 3135 620 3192 ulla
633 3138 677 3194 est
690 3137 788 3211 empta
800 3135 911 3194 beatis:
954 3140 991 3192 25

185 3233 334 3310 Quidquid
348 3253 433 3306 eram,
449 3234 502 3291 hoc
516 3232 605 3290 animi
619 3233 713 3307 gratia
725 3252 831 3308 magna
843 3233 898 3293 tui.

146 3333 218 3390 Cum
232 3337 261 3391 tc
274 3336 335 3392 tam
348 3331 435 3391 multi
447 3335 589 3408 peterent,
605 3336 640 3391 tu
653 3351 699 3391 me
713 3350 772 3390 nna
784 3330 902 3407 petisti:
