2168 3720
285 238 503 298 PROPERTII
524 239 583 297 ΕΒ.
606 239 659 310 IV,
683 243 710 297 8.
734 244 761 299 9.
904 244 956 295 131

149 398 263 457 Veneat
276 400 306 457 et
318 397 442 473 pedibus
455 396 574 457 vinnula
586 397 655 456 bina
671 394 802 456 trahat.’'
892 404 897 416 '
925 401 962 453 80

112 495 228 554 Indixit
239 496 344 571 legem.
384 496 532 572 Respondi
545 515 618 572 ego:
643 495 802 578 “Legibus
815 495 914 555 utar.''

152 594 269 654 Riserat
280 594 401 670 imperio
414 594 494 653 faeta
513 596 637 670 superba
650 595 728 653 dato.

112 693 190 752 Dein
204 713 416 771 quemeumque
431 693 529 751 locum
547 696 685 751 externae
698 691 822 766 tetigere
835 693 961 768 puellae,

154 791 260 863 Suffitt,
276 795 307 851 at
319 811 394 868 pura
406 791 509 849 limina
521 790 613 865 tergit
627 810 712 867 aqua,

114 892 245 966 Imperat
258 894 288 950 et
301 894 378 949 totas
391 890 500 950 iterum
512 889 780 960 mutarelaeernas‚
928 894 964 944 85

153 990 268 1066 Terque
281 1009 378 1048 meum
391 988 493 1063 tetigit
506 987 627 1047 sulfuris
639 987 708 1062 igne
722 990 819 1063 eaput.

115 1089 215 1166 Atque
228 1088 272 1147 ita
283 1091 397 1146 mutato
410 1107 464 1165 per
476 1086 593 1161 singula
604 1086 696 1162 pallia
707 1087 793 1158 lecto,

154 1186 312 1263 Respondi,
329 1189 360 1246 et
372 1190 436 1245 toto
450 1185 590 1244 solvimus
603 1204 683 1244 arma
694 1188 768 1243 toro.

518 1385 563 1424 1x.

115 1497 392 1576 Amphitryoniades
406 1517 465 1574 qua
477 1499 650 1573 tempestate
663 1497 801 1554 iuvencos

155 1598 264 1672 ligerat
277 1615 295 1655 a
308 1596 439 1670 stabulis,
455 1615 472 1654 o
485 1597 626 1672 Erythea,
641 1594 710 1666 tuis,

115 1696 205 1755 Venit
218 1699 248 1755 et
262 1697 299 1754 ad
311 1699 429 1768 vestroe,
443 1714 579 1772 pecorosa
592 1693 713 1766 Palatia,
729 1697 843 1753 montes

154 1793 424 1866 restituisses,
440 1793 535 1853 tessus
549 1797 579 1853 et
591 1792 664 1869 ipse,
679 1795 776 1867 boves,

115 1894 181 1960 Qua
193 1894 319 1953 Velabra
332 1913 384 1952 suo
398 1896 573 1969 stagnabant
585 1893 715 1964 flumine,
730 1911 847 1970 quoque
947 1899 964 1948 5

154 1993 185 2050 N
185 1995 255 2051 autu
266 2012 320 2069 per
332 1994 457 2052 urbanas
470 1992 637 2051 velificabat
649 2010 749 2068 aquas.

116 2092 174 2151 Sed
185 2111 245 2150 non
257 2091 347 2151 infido
360 2095 531 2150 manserunt
543 2090 658 2166 hospite
672 2090 746 2148 (laco

155 2191 334 2249 Incolumes:
356 2189 437 2255 furto
449 2189 557 2267 polluit
569 2189 622 2247 ille
635 2189 746 2247 Iovem.

116 2288 213 2348 Incola
226 2289 318 2348 (lanus
332 2292 402 2361 erat,
418 2288 574 2347 metuendo
587 2291 687 2363 raptor
700 2287 735 2345 ab
749 2289 841 2357 antro,

155 2388 212 2446 Par
224 2388 282 2447 tria
293 2388 417 2464 partitos
431 2387 484 2464 qui
496 2387 584 2445 dabat
597 2405 647 2444 ora
660 2405 753 2444 sonos.
929 2391 963 2442 10

116 2486 183 2557 Hie,
199 2506 237 2545 ne
251 2491 329 2546 certa
341 2487 439 2558 forent
451 2485 621 2544 manifestae
635 2485 718 2558 signa
730 2483 857 2560 rapinae,

156 2586 281 2644 Aversor
295 2587 386 2644 cauda
398 2585 492 2644 traxit
504 2584 537 2642 in
550 2587 634 2645 antra
646 2585 743 2654 borea,

116 2685 145 2742 N
146 2705 178 2743 eo
192 2686 254 2744 sine
266 2688 342 2744 teste
355 2686 408 2743 deo
421 2707 427 2743 :
449 2684 545 2742 turem
559 2702 680 2741 sonuere
692 2682 818 2753 iuvenci,

155 2784 243 2847 Furia
257 2787 287 2843 et
299 2783 468 2860 implacidas
481 2783 573 2841 diruit
585 2781 630 2841 ira
642 2782 728 2840 fores.

116 2883 261 2941 Maenalio
273 2883 365 2941 iacuit
377 2883 480 2959 pulsus
493 2882 551 2941 tria
564 2885 695 2957 tempora
706 2894 787 2938 ramo
929 2884 963 2936 15

154 2980 246 3039 Cacus
255 3002 267 3039 ι,
286 2986 316 3040 et
329 2982 447 3040 Alcides
461 2981 502 3039 sio
516 2980 574 3039 ait:
599 2984 618 3012 “
627 2980 676 3038 Ite
689 2981 785 3050 boves,

113 3080 252 3138 Herculis
264 3079 306 3139 ite
319 3081 415 3152 botes,
431 3084 547 3138 nostrae
559 3077 642 3137 labor
654 3077 759 3136 ultime
773 3076 880 3148 clavae,

155 3179 206 3238 Bis
220 3180 294 3238 mihi
308 3180 464 3257 quaesitae,
480 3178 525 3238 bis
538 3198 602 3236 mea
614 3177 729 3255 praeda,
745 3177 841 3247 boves,

117 3283 256 3357 Arvaque
269 3279 386 3355 mugitu
399 3279 509 3338 sancite
522 3278 621 3337 boaria
633 3278 739 3351 longo:

151 3378 257 3437 Nobile
271 3379 327 3438 erit
341 3378 448 3437 Rornae
462 3397 570 3455 pascua
581 3373 818 3437 restraloruml'
933 3380 978 3425 Ἣ

529 3485 588 3539 n‘l
