2168 3720
328 240 545 300 moranum
566 230 626 299 uu·
642 224 767 313 1v,'11.
916 242 970 298 137

163 398 288 476 Turpior
301 418 414 459 assessu
427 419 487 458 non
500 398 557 459 erit
568 399 632 458 ulla
644 417 717 471 meo,
853 401 855 405 ’
934 402 971 455 50

123 497 180 557 Vel
192 501 236 571 tu,
253 517 328 575 quae
341 499 455 558 tardem
467 497 586 557 movisti
597 497 670 558 fune
684 496 829 576 Cybeben,

163 597 293 671 Claudia,
308 597 434 657 turritae
446 617 512 656 rara
524 596 659 656 ministra
671 597 751 669 deae,

37 685 40 694 ’
123 696 180 755 Vel
194 697 250 770 cui,
267 697 430 757 commissos
443 717 510 756 cum
523 696 615 757 Vesta
627 698 790 772 reposceret
802 695 894 771 ignes,

162 795 310 855 Exhibuit
322 796 406 855 vivos
419 798 555 856 carbasus
568 796 638 856 alba
646 795 735 854 iocos.

123 893 238 968 Necte,
254 894 449 972 dinoscimus,
465 898 559 955 mater
573 893 731 966 Scribonia,
745 877 836 953 laesi:
934 897 970 950 55

162 993 201 1051 In
214 1013 261 1053 me
274 996 421 1053 mutatum
435 993 508 1071 quid
519 993 577 1052 uisi
590 993 654 1054 fata
665 992 762 1053 velis?

122 1091 266 1158 Materuis
278 1093 381 1151 laudor
396 1092 524 1151 lacrimis
536 1092 677 1170 urbisque
690 1089 838 1169 querellis,

162 1191 291 1251 Defensa
304 1195 334 1251 et
347 1192 460 1268 gemitu
473 1191 604 1252 Caesaris
617 1210 680 1250 ossa
692 1210 766 1250 mea.

123 1291 182 1351 Ille
196 1311 249 1351 sua
261 1293 332 1351 nate
345 1292 464 1368 diguam
477 1291 587 1352 vixisse
600 1309 726 1350 sororem

163 1392 310 1468 Increpat,
322 1394 357 1451 et
369 1391 502 1450 lacrimas
516 1389 642 1450 vidimus
655 1388 698 1448 ire
712 1389 784 1448 Deo.
934 1393 971 1447 60

124 1489 165 1549 Es
177 1493 277 1549 tamen
290 1489 400 1550 emerui
414 1507 567 1564 generosos
580 1486 671 1575 vestis
682 1487 815 1563 honores,

136 1627 142 1641 ·
162 1589 192 1648 N
193 1608 225 1648 ec
238 1608 303 1648 mea
316 1589 352 1647 de
366 1588 460 1647 sterili
472 1587 552 1648 iacta
565 1587 668 1664 rapina
680 1587 775 1647 domo.

124 1688 179 1761 Tu,
195 1688 313 1764 Lepide,
329 1690 359 1747 et
371 1689 416 1761 tu,
432 1687 545 1761 Peusse,
559 1707 658 1748 meum
674 1689 742 1763 post
753 1686 817 1746 iata
828 1686 969 1758 levamen,

164 1787 286 1855 Condita
299 1789 371 1847 sunt
382 1791 479 1847 vestro
492 1787 606 1847 lumina
618 1790 718 1847 nostre
730 1786 808 1848 sinu

123 1886 259 1945 Vidimus
272 1888 303 1946 et
315 1885 438 1946 fratrem
451 1887 553 1946 sellam
566 1887 726 1961 geminasse
739 1885 879 1958 curulem,
935 1889 972 1942 65

113 1990 115 1993 ’
164 1985 289 2044 Consule
302 2005 362 2062 quc
373 1985 461 2059 iacto,
476 1989 607 2062 tempore
620 1989 706 2063 rapta
719 2004 807 2045 soror.

123 2083 209 2156 Filia,
224 2087 260 2144 tu
273 2083 420 2161 specimen
433 2104 571 2144 censurae
583 2086 654 2144 nete
666 2087 814 2160 patemus,

163 2183 221 2242 Fac
234 2185 336 2251 teneas
349 2202 443 2242 unum
455 2202 508 2243 nos
521 2183 637 2243 imitata
649 2183 755 2254 virum,

98 2329 100 2334 ,
123 2280 164 2341 Et
177 2281 251 2341 serie
263 2281 368 2342 hulcite
382 2301 492 2357 genuae
513 2281 587 2340 mihi
601 2282 704 2360 cymba
716 2280 829 2341 volenti

163 2380 295 2441 Solvitur
308 2380 439 2440 aucturis
451 2383 499 2440 bob
511 2399 576 2439 mea
587 2379 651 2439 iaia
662 2379 741 2438 meis.
933 2379 970 2440 70

123 2479 205 2540 Haec
219 2483 264 2540 est
276 2479 397 2540 feminei
410 2498 519 2538 merces
533 2482 665 2539 extrema
676 2477 830 2555 triumphi,

162 2580 278 2640 Laudat
290 2580 342 2640 ubi
355 2579 509 2640 emeritum
516 2572 615 2638 'libera
626 2577 706 2637 fama
718 2597 830 2653 rogum.

123 2678 210 2738 Nunc
219 2678 276 2739 cibi
289 2679 455 2738 commendo
469 2676 632 2737 communia
644 2676 766 2754 pignora
778 2680 878 2736 natos:

161 2777 244 2838 Haec
258 2798 329 2838 eura
341 2780 372 2838 et
381 2777 472 2837 cineri
486 2777 578 2854 spirat
590 2776 689 2835 inusta
702 2794 775 2835 meo.

123 2877 259 2952 Fungere
272 2875 410 2935 maternis
423 2875 546 2949 vicibus,
561 2879 665 2951 pater:
685 2874 739 2932 illa
751 2892 881 2933 meorum
934 2873 970 2933 75
1073 2957 1081 2965 ἱ

162 2974 263 3035 Omnis
277 2974 333 3034 erit
346 2974 420 3033 eollo
433 2974 520 3033 turba
531 2967 652 3033 ferenda
664 2976 726 3031 buo.

124 3074 230 3133 Osesna
244 3093 310 3133 cum
322 3072 436 3133 dederis
448 3072 662 3146 manentibus,
678 3072 759 3131 edice
771 3070 891 3132 mairie:

162 3173 237 3231 Tota
249 3173 350 3230 domus
364 3171 459 3247 coepit
471 3189 551 3230 nuuc
565 3190 638 3230 onus
651 3190 712 3230 esse
725 3173 820 3230 buum.

123 3272 164 3330 Et
177 3271 202 3330 si
215 3271 288 3349 quid
299 3270 445 3331 doliturus
458 3271 523 3344 eris,
540 3270 601 3330 sine
614 3270 740 3330 testibus
752 3269 832 3330 illis:

163 3369 377 3443 eumericus,
393 3369 476 3430 siccis
489 3369 672 3430 oscinaiaiie
685 3368 780 3446 genis.
935 3373 981 3422 bb
