2168 3720
250 198 468 258 PROPERTII
490 199 549 256 EL.
572 200 617 272 ΙΙ,
643 200 688 259 17.
713 204 759 258 18.
893 201 930 258 47

469 376 544 416 xvn.

71 475 196 534 Mentiri
210 478 334 548 noctem,
350 477 497 551 promissis
511 478 616 536 ducere
630 480 785 548 amantem,

112 576 178 633 Hoc
192 575 250 633 erit
262 574 386 634 infectas
400 576 542 650 sanguine
555 577 663 636 habere
676 596 788 635 manus.

74 673 193 731 Horum
207 693 260 747 ego
275 693 339 731 sum
351 677 443 745 vates,
460 673 595 751 quotiens
608 675 739 734 desertus
753 695 864 734 amaras

112 773 241 849 Explevi
253 777 362 845 noctes,
377 773 490 832 fractus
506 777 632 850 utroque
645 777 718 832 1010.

71 874 130 933 Vel
143 877 179 932 tu
192 874 334 932 Tantalea
346 893 479 933 moveare
493 874 530 932 ad
543 873 666 933 flumina
679 878 766 947 sorte,
912 881 929 931 5

113 973 156 1032 Ut
169 972 269 1049 liquor
281 971 377 1030 arenti
389 971 476 1031 101101
490 974 526 1031 ab
540 992 589 1031 ore
603 972 692 1045 sitim,

73 1070 131 1130 Vel
143 1074 180 1130 tu
194 1070 345 1148 Sisyphios
357 1069 430 1129 11001
442 1070 583 1130 admirere
597 1072 719 1143 labores,

112 1169 240 1228 Difficile
253 1173 289 1229 ut
301 1173 364 1229 toto
377 1173 476 1228 monte
490 1171 606 1229 volutet
619 1190 711 1229 onus:

73 1268 186 1327 Durius
198 1267 231 1326 in
243 1268 330 1326 terris
343 1268 420 1326 nihil
433 1272 478 1327 001
491 1269 570 1345 quod
583 1269 666 1327 vivat
679 1272 803 1340 amante,

113 1366 185 1438 Nec,
201 1367 287 1424 modo
302 1365 326 1424 si
340 1366 444 1443 sapias,
461 1366 648 1443 quodminus
663 1387 724 1426 esse
738 1368 821 1426 velis.
896 1372 930 1425 10

75 1464 169 1529 Quem
182 1465 266 1522 modo
279 1464 395 1524 felicem
408 1464 520 1522 invidia
533 1464 695 1523 admirante
707 1465 849 1537 ferebant,

114 1564 202 1623 Nunc
216 1565 327 1623 decimo
341 1565 479 1624 admittor
491 1565 545 1624 vix
559 1584 612 1640 ego
626 1585 743 1642 quoque
757 1565 814 1624 die.

75 1663 163 1721 Nunc
176 1663 269 1722 iacere
284 1683 299 1722 e
313 1664 386 1722 duro
400 1684 504 1740 corpus
517 1664 610 1736 iuvat,
626 1664 725 1740 impia,
742 1684 822 1737 saxo,

116 1762 236 1846 Sumere
250 1766 281 1821 et
293 1763 325 1820 in
338 1768 452 1822 nostras
465 1763 537 1822 trita
550 1782 665 1822 venena
678 1783 790 1821 manus.

75 1861 105 1918 N
105 1880 138 1919 ec
151 1859 223 1919 licet
234 1860 267 1918 in
279 1860 377 1920 triviis
391 1861 467 1919 sicca
479 1860 660 1938 requiescere
672 1862 753 1933 luna,
895 1867 929 1919 15

114 1960 178 2017 Aut
190 1979 243 2036 per
255 1959 376 2018 rimosas
388 1961 509 2019 mittere
521 1961 610 2018 verba
622 1960 709 2018 10100.

76 2057 161 2122 Quod
174 2058 307 2134 quamvis
319 2058 363 2116 ita
377 2058 424 2130 sit,
441 2058 586 2116 dominam
599 2062 713 2117 mutare
727 2060 842 2117 cavebo.

116 2157 191 2215 Tum
204 2156 296 2229 flebit,
314 2175 380 2214 cum
393 2157 426 2214 in
439 2176 486 2214 me
500 2157 624 2215 senserit
637 2177 699 2215 esse
712 2158 809 2216 fidem.

458 2353 545 2392 xvm.

75 2457 218 2515 Assiduae
231 2456 333 2516 multis
347 2457 445 2515 odium
458 2476 596 2532 peperere
611 2458 777 2534 querellae:

115 2554 275 2629 Frangitur
287 2555 319 2612 in
332 2555 423 2614 tacito
436 2555 547 2613 femina
560 2575 645 2631 saepe
658 2556 732 2616 viro.

76 2652 110 2712 Si
123 2654 195 2730 quid
208 2653 318 2725 vidisti,
335 2673 448 2730 semper
460 2653 567 2712 vidisse
580 2658 704 2728 negato:

115 2751 179 2811 Aut
192 2752 217 2810 si
231 2752 302 2829 quid
316 2753 412 2810 doluit
424 2752 509 2824 10110,
526 2752 624 2810 dolere
638 2772 722 2827 nega.

76 2848 154 2914 Quid
167 2869 232 2908 mea
246 2850 270 2908 si
284 2850 363 2909 canis
378 2854 457 2909 aetas
471 2854 635 2910 canesceret
649 2852 740 2925 annis,
911 2856 928 2906 5

116 2950 155 3007 Et
167 2949 278 3008 faceret
292 2950 393 3008 scissas
406 2949 546 3024 languida
559 2969 633 3025 ruga
646 2949 759 3024 genas?

75 3048 118 3106 At
130 3068 190 3106 non
203 3048 324 3108 Tithoni
338 3069 476 3124 spernens
489 3050 604 3108 Aurora
618 3053 762 3107 senectam

115 3147 271 3206 Desertum
284 3148 345 3206 an
358 3166 442 3223 passa
454 3149 547 3206 iacere
561 3148 645 3205 domo
659 3152 713 3206 est.

77 3247 169 3304 Illum
183 3247 219 3304 ad
232 3246 343 3305 vicinos
357 3266 422 3304 cum
436 3246 572 3323 amplexa
585 3246 749 3322 quiesceret
761 3246 860 3319 Indos,

116 3345 249 3406 Maturus
262 3346 370 3405 iterum
384 3349 428 3406 est
442 3349 546 3423 questa
560 3345 654 3404 redire
669 3346 738 3404 dies.
894 3352 928 3404 10
