<?xml version="1.0" encoding="UTF-8"?>
<!DOCTYPE html PUBLIC "-//W3C//DTD XHTML 1.0 Transitional//EN"
    "http://www.w3.org/TR/xhtml1/DTD/xhtml1-transitional.dtd">
<html xmlns="http://www.w3.org/1999/xhtml" xml:lang="en" lang="en">
 <head>
  <title>
</title>
<meta http-equiv="Content-Type" content="text/html;charset=utf-8" />
  <meta name='ocr-system' content='tesseract 3.04.00' />
  <meta name='ocr-capabilities' content='ocr_page ocr_carea ocr_par ocr_line ocrx_word'/>
</head>
<body>
  <div class='ocr_page' id='page_1' title='image "./elegiarumlibrii00palmgoog_0145.png"; bbox 0 0 2168 3720; ppageno 0'>
   <div class='ocr_carea' id='block_1_1' title="bbox 146 189 785 261">
    <p class='ocr_par' dir='ltr' id='par_1_1' title="bbox 146 189 785 261">
     <span class='ocr_line' id='line_1_1' title="bbox 146 189 785 261; baseline 0 -14"><span class='ocrx_word' id='word_1_1' title='bbox 146 198 183 248; x_wconf 89' lang='lat'><strong>68</strong></span> <span class='ocrx_word' id='word_1_2' title='bbox 354 189 573 248; x_wconf 81' lang='lat' dir='ltr'>PROPERTH</span> <span class='ocrx_word' id='word_1_3' title='bbox 592 189 653 247; x_wconf 82' lang='lat' dir='ltr'><strong>EL.</strong></span> <span class='ocrx_word' id='word_1_4' title='bbox 675 189 720 261; x_wconf 92' lang='grc' dir='ltr'><strong>Π,</strong></span> <span class='ocrx_word' id='word_1_5' title='bbox 737 194 785 247; x_wconf 86' lang='grc'><strong>33.</strong></span> 
     </span>
    </p>
   </div>
   <div class='ocr_carea' id='block_1_2' title="bbox 144 366 1004 3199">
    <p class='ocr_par' dir='ltr' id='par_1_2' title="bbox 517 366 626 405">
     <span class='ocr_line' id='line_1_2' title="bbox 517 366 626 405; baseline 0 0"><span class='ocrx_word' id='word_1_6' title='bbox 517 366 626 405; x_wconf 85' lang='lat' dir='ltr'><strong>mm.</strong></span> 
     </span>
    </p>

    <p class='ocr_par' dir='ltr' id='par_1_3' title="bbox 145 446 863 622">
     <span class='ocr_line' id='line_1_3' title="bbox 145 446 863 506; baseline -0.003 0"><span class='ocrx_word' id='word_1_7' title='bbox 145 448 252 506; x_wconf 87' lang='lat' dir='ltr'><strong>Tristia</strong></span> <span class='ocrx_word' id='word_1_8' title='bbox 264 447 323 506; x_wconf 87' lang='lat' dir='ltr'><strong>iam</strong></span> <span class='ocrx_word' id='word_1_9' title='bbox 335 448 460 506; x_wconf 71' lang='lat' dir='ltr'><strong>rodem</strong></span> <span class='ocrx_word' id='word_1_10' title='bbox 471 447 581 506; x_wconf 83' lang='lat' dir='ltr'><strong>iterum</strong></span> <span class='ocrx_word' id='word_1_11' title='bbox 595 446 747 504; x_wconf 74' lang='lat' dir='ltr'><strong>sollemnia</strong></span> <span class='ocrx_word' id='word_1_12' title='bbox 759 447 844 506; x_wconf 92' lang='lat' dir='ltr'><strong>nobis</strong></span> <span class='ocrx_word' id='word_1_13' title='bbox 856 469 863 504; x_wconf 75' lang='grc' dir='ltr'><strong>ε</strong></span> 
     </span>
     <span class='ocr_line' id='line_1_4' title="bbox 184 545 809 622; baseline -0.003 -18"><span class='ocrx_word' id='word_1_14' title='bbox 184 546 313 622; x_wconf 74' lang='lat' dir='ltr'><strong>Cynthia</strong></span> <span class='ocrx_word' id='word_1_15' title='bbox 324 547 384 604; x_wconf 91' lang='lat' dir='ltr'><strong>iam</strong></span> <span class='ocrx_word' id='word_1_16' title='bbox 396 550 497 604; x_wconf 88' lang='lat' dir='ltr'><strong>noctes</strong></span> <span class='ocrx_word' id='word_1_17' title='bbox 510 549 556 604; x_wconf 85' lang='lat' dir='ltr'><strong>est</strong></span> <span class='ocrx_word' id='word_1_18' title='bbox 569 550 688 621; x_wconf 90' lang='lat' dir='ltr'><strong>operata</strong></span> <span class='ocrx_word' id='word_1_19' title='bbox 699 545 809 603; x_wconf 86' lang='lat' dir='ltr'><strong>decem.</strong></span> 
     </span>
    </p>

    <p class='ocr_par' dir='ltr' id='par_1_4' title="bbox 144 643 919 802">
     <span class='ocr_line' id='line_1_5' title="bbox 144 643 919 720; baseline 0.004 -20"><span class='ocrx_word' id='word_1_20' title='bbox 144 646 245 720; x_wconf 82' lang='lat' dir='ltr'>Atque</span> <span class='ocrx_word' id='word_1_21' title='bbox 257 644 372 702; x_wconf 87' lang='lat' dir='ltr'><strong>utinam</strong></span> <span class='ocrx_word' id='word_1_22' title='bbox 384 649 516 720; x_wconf 82' lang='lat' dir='ltr'><strong>percunt,</strong></span> <span class='ocrx_word' id='word_1_23' title='bbox 531 643 602 701; x_wconf 83' lang='lat' dir='ltr'><strong>Nilo</strong></span> <span class='ocrx_word' id='word_1_24' title='bbox 616 663 692 720; x_wconf 90' lang='lat' dir='ltr'><strong>quae</strong></span> <span class='ocrx_word' id='word_1_25' title='bbox 705 662 785 702; x_wconf 86' lang='lat' dir='ltr'><strong>sacra</strong></span> <span class='ocrx_word' id='word_1_26' title='bbox 797 647 919 720; x_wconf 86' lang='lat' dir='ltr'><strong>tepente</strong></span> 
     </span>
     <span class='ocr_line' id='line_1_6' title="bbox 184 741 722 802; baseline -0.004 0"><span class='ocrx_word' id='word_1_27' title='bbox 184 743 268 802; x_wconf 79' lang='lat' dir='ltr'><strong>llisit</strong></span> <span class='ocrx_word' id='word_1_28' title='bbox 280 743 420 802; x_wconf 83' lang='lat' dir='ltr'><strong>matronis</strong></span> <span class='ocrx_word' id='word_1_29' title='bbox 433 741 552 800; x_wconf 79' lang='lat' dir='ltr'><strong>Inachis</strong></span> <span class='ocrx_word' id='word_1_30' title='bbox 565 741 722 800; x_wconf 79' lang='lat' dir='ltr'><strong>Ausoniis!</strong></span> 
     </span>
    </p>

    <p class='ocr_par' dir='ltr' id='par_1_5' title="bbox 146 841 993 1019">
     <span class='ocr_line' id='line_1_7' title="bbox 146 841 993 917; baseline -0.006 -13"><span class='ocrx_word' id='word_1_31' title='bbox 146 842 228 905; x_wconf 81' lang='lat' dir='ltr'><strong>Quae</strong></span> <span class='ocrx_word' id='word_1_32' title='bbox 240 842 295 900; x_wconf 87' lang='lat' dir='ltr'><strong>dea</strong></span> <span class='ocrx_word' id='word_1_33' title='bbox 306 846 368 900; x_wconf 88' lang='lat' dir='ltr'><strong>tam</strong></span> <span class='ocrx_word' id='word_1_34' title='bbox 381 842 501 917; x_wconf 86' lang='lat' dir='ltr'><strong>cupidos</strong></span> <span class='ocrx_word' id='word_1_35' title='bbox 513 841 624 901; x_wconf 89' lang='lat' dir='ltr'><strong>totiens</strong></span> <span class='ocrx_word' id='word_1_36' title='bbox 638 841 739 901; x_wconf 85' lang='lat' dir='ltr'><strong>divisit</strong></span> <span class='ocrx_word' id='word_1_37' title='bbox 752 845 892 914; x_wconf 87' lang='lat' dir='ltr'><strong>amantes,</strong></span> <span class='ocrx_word' id='word_1_38' title='bbox 977 849 993 899; x_wconf 84' lang='lat'><em>5</em></span> 
     </span>
     <span class='ocr_line' id='line_1_8' title="bbox 185 941 857 1019; baseline 0 -19"><span class='ocrx_word' id='word_1_39' title='bbox 185 943 393 1019; x_wconf 78' lang='lat' dir='ltr'>Quaecumque</span> <span class='ocrx_word' id='word_1_40' title='bbox 405 943 459 999; x_wconf 89' lang='lat' dir='ltr'><strong>illa</strong></span> <span class='ocrx_word' id='word_1_41' title='bbox 470 941 539 1013; x_wconf 81' lang='lat' dir='ltr'><strong>fuit,</strong></span> <span class='ocrx_word' id='word_1_42' title='bbox 554 962 668 1018; x_wconf 83' lang='lat' dir='ltr'><strong>semper</strong></span> <span class='ocrx_word' id='word_1_43' title='bbox 680 962 777 1000; x_wconf 80' lang='lat' dir='ltr'><strong>amara</strong></span> <span class='ocrx_word' id='word_1_44' title='bbox 788 942 857 1002; x_wconf 73' lang='lat' dir='ltr'><strong>fuit.</strong></span> 
     </span>
    </p>

    <p class='ocr_par' dir='ltr' id='par_1_6' title="bbox 147 1040 784 1216">
     <span class='ocr_line' id='line_1_9' title="bbox 147 1040 784 1113; baseline 0.002 -15"><span class='ocrx_word' id='word_1_45' title='bbox 147 1042 192 1098; x_wconf 84' lang='lat' dir='ltr'><strong>&#39;lu</strong></span> <span class='ocrx_word' id='word_1_46' title='bbox 206 1045 284 1100; x_wconf 79' lang='lat' dir='ltr'><strong>certe</strong></span> <span class='ocrx_word' id='word_1_47' title='bbox 297 1041 379 1100; x_wconf 85' lang='lat' dir='ltr'><strong>Iovis</strong></span> <span class='ocrx_word' id='word_1_48' title='bbox 391 1041 513 1100; x_wconf 86' lang='lat' dir='ltr'><strong>occultis</strong></span> <span class='ocrx_word' id='word_1_49' title='bbox 525 1040 558 1098; x_wconf 91' lang='lat' dir='ltr'><strong>in</strong></span> <span class='ocrx_word' id='word_1_50' title='bbox 571 1041 724 1113; x_wconf 86' lang='lat' dir='ltr'><strong>amoribus,</strong></span> <span class='ocrx_word' id='word_1_51' title='bbox 740 1042 784 1113; x_wconf 88' lang='lat' dir='ltr'><strong>Io,</strong></span> 
     </span>
     <span class='ocr_line' id='line_1_10' title="bbox 187 1138 752 1216; baseline -0.004 -18"><span class='ocrx_word' id='word_1_52' title='bbox 187 1139 319 1211; x_wconf 74' lang='lat' dir='ltr'><strong>sensisti,</strong></span> <span class='ocrx_word' id='word_1_53' title='bbox 333 1140 442 1197; x_wconf 84' lang='lat' dir='ltr'><strong>multas</strong></span> <span class='ocrx_word' id='word_1_54' title='bbox 455 1139 528 1216; x_wconf 87' lang='lat' dir='ltr'><strong>quid</strong></span> <span class='ocrx_word' id='word_1_55' title='bbox 539 1139 580 1196; x_wconf 90' lang='lat' dir='ltr'><strong>sit</strong></span> <span class='ocrx_word' id='word_1_56' title='bbox 591 1138 667 1197; x_wconf 90' lang='lat' dir='ltr'><strong>inire</strong></span> <span class='ocrx_word' id='word_1_57' title='bbox 679 1139 752 1213; x_wconf 81' lang='lat' dir='ltr'><strong>vius,</strong></span> 
     </span>
    </p>

    <p class='ocr_par' dir='ltr' id='par_1_7' title="bbox 147 1238 993 1413">
     <span class='ocr_line' id='line_1_11' title="bbox 147 1238 837 1314; baseline -0.001 -18"><span class='ocrx_word' id='word_1_58' title='bbox 147 1239 220 1296; x_wconf 80' lang='lat' dir='ltr'><strong>Cum</strong></span> <span class='ocrx_word' id='word_1_59' title='bbox 232 1243 264 1297; x_wconf 85' lang='lat' dir='ltr'><strong>te</strong></span> <span class='ocrx_word' id='word_1_60' title='bbox 276 1239 364 1297; x_wconf 85' lang='lat' dir='ltr'><strong>iussit</strong></span> <span class='ocrx_word' id='word_1_61' title='bbox 376 1239 483 1296; x_wconf 89' lang='lat' dir='ltr'><strong>habere</strong></span> <span class='ocrx_word' id='word_1_62' title='bbox 495 1238 625 1314; x_wconf 85' lang='lat' dir='ltr'><strong>puellam</strong></span> <span class='ocrx_word' id='word_1_63' title='bbox 638 1257 747 1297; x_wconf 89' lang='lat' dir='ltr'><strong>cornua</strong></span> <span class='ocrx_word' id='word_1_64' title='bbox 759 1238 837 1296; x_wconf 94' lang='lat' dir='ltr'><strong>Iuno</strong></span> 
     </span>
     <span class='ocr_line' id='line_1_12' title="bbox 186 1337 993 1413; baseline 0 -19"><span class='ocrx_word' id='word_1_65' title='bbox 186 1337 226 1395; x_wconf 84' lang='lat' dir='ltr'><strong>Et</strong></span> <span class='ocrx_word' id='word_1_66' title='bbox 238 1337 350 1413; x_wconf 89' lang='lat' dir='ltr'><strong>pecoris</strong></span> <span class='ocrx_word' id='word_1_67' title='bbox 362 1338 434 1396; x_wconf 88' lang='lat' dir='ltr'><strong>duro</strong></span> <span class='ocrx_word' id='word_1_68' title='bbox 447 1338 567 1413; x_wconf 87' lang='lat' dir='ltr'><strong>perdere</strong></span> <span class='ocrx_word' id='word_1_69' title='bbox 580 1338 670 1395; x_wconf 81' lang='lat' dir='ltr'><strong>verba</strong></span> <span class='ocrx_word' id='word_1_70' title='bbox 683 1356 762 1396; x_wconf 90' lang='lat' dir='ltr'><strong>sono.</strong></span> <span class='ocrx_word' id='word_1_71' title='bbox 961 1341 993 1394; x_wconf 89' lang='lat'><strong>10</strong></span> 
     </span>
    </p>

    <p class='ocr_par' dir='ltr' id='par_1_8' title="bbox 146 1434 843 1611">
     <span class='ocr_line' id='line_1_13' title="bbox 146 1434 843 1512; baseline 0.004 -21"><span class='ocrx_word' id='word_1_72' title='bbox 146 1437 195 1492; x_wconf 85' lang='lat' dir='ltr'><strong>Ah</strong></span> <span class='ocrx_word' id='word_1_73' title='bbox 208 1437 344 1512; x_wconf 87' lang='lat' dir='ltr'><strong>quotiens</strong></span> <span class='ocrx_word' id='word_1_74' title='bbox 357 1436 477 1511; x_wconf 88' lang='lat' dir='ltr'><strong>quernis</strong></span> <span class='ocrx_word' id='word_1_75' title='bbox 488 1434 603 1493; x_wconf 80' lang='lat' dir='ltr'><strong>laesisti</strong></span> <span class='ocrx_word' id='word_1_76' title='bbox 614 1434 761 1494; x_wconf 77' lang='lat' dir='ltr'><strong>frontibus</strong></span> <span class='ocrx_word' id='word_1_77' title='bbox 774 1435 843 1494; x_wconf 87' lang='lat' dir='ltr'><strong>ora!</strong></span> 
     </span>
     <span class='ocr_line' id='line_1_14' title="bbox 186 1534 812 1611; baseline 0.003 -19"><span class='ocrx_word' id='word_1_78' title='bbox 186 1535 331 1593; x_wconf 83' lang='lat' dir='ltr'><strong>Mandisti</strong></span> <span class='ocrx_word' id='word_1_79' title='bbox 343 1542 371 1593; x_wconf 80' lang='lat' dir='ltr'><strong>et</strong></span> <span class='ocrx_word' id='word_1_80' title='bbox 383 1535 506 1594; x_wconf 85' lang='lat' dir='ltr'><strong>stabulis</strong></span> <span class='ocrx_word' id='word_1_81' title='bbox 519 1536 624 1595; x_wconf 78' lang='lat' dir='ltr'><strong>arbuta</strong></span> <span class='ocrx_word' id='word_1_82' title='bbox 636 1539 721 1611; x_wconf 81' lang='lat' dir='ltr'><strong>pasta</strong></span> <span class='ocrx_word' id='word_1_83' title='bbox 733 1534 812 1594; x_wconf 87' lang='lat' dir='ltr'><strong>tuis!</strong></span> 
     </span>
    </p>

    <p class='ocr_par' dir='ltr' id='par_1_9' title="bbox 147 1633 909 1809">
     <span class='ocr_line' id='line_1_15' title="bbox 147 1633 909 1710; baseline 0.003 -19"><span class='ocrx_word' id='word_1_84' title='bbox 147 1634 204 1703; x_wconf 84' lang='lat' dir='ltr'><strong>An,</strong></span> <span class='ocrx_word' id='word_1_85' title='bbox 221 1633 358 1710; x_wconf 88' lang='lat' dir='ltr'><strong>quoniam</strong></span> <span class='ocrx_word' id='word_1_86' title='bbox 372 1638 516 1708; x_wconf 82' lang='lat' dir='ltr'><strong>agrestem</strong></span> <span class='ocrx_word' id='word_1_87' title='bbox 528 1634 659 1694; x_wconf 80' lang='lat' dir='ltr'><strong>detraxit</strong></span> <span class='ocrx_word' id='word_1_88' title='bbox 672 1636 708 1693; x_wconf 83' lang='lat' dir='ltr'><strong>ab</strong></span> <span class='ocrx_word' id='word_1_89' title='bbox 722 1653 771 1693; x_wconf 91' lang='lat' dir='ltr'><strong>ore</strong></span> <span class='ocrx_word' id='word_1_90' title='bbox 783 1634 909 1708; x_wconf 90' lang='lat' dir='ltr'><strong>figuram</strong></span> 
     </span>
     <span class='ocr_line' id='line_1_16' title="bbox 187 1730 814 1809; baseline 0.002 -20"><span class='ocrx_word' id='word_1_91' title='bbox 187 1730 331 1808; x_wconf 86' lang='lat' dir='ltr'><strong>Iuppiter,</strong></span> <span class='ocrx_word' id='word_1_92' title='bbox 346 1732 453 1791; x_wconf 87' lang='lat' dir='ltr'><strong>idcirco</strong></span> <span class='ocrx_word' id='word_1_93' title='bbox 466 1732 545 1791; x_wconf 80' lang='lat' dir='ltr'><strong>facts</strong></span> <span class='ocrx_word' id='word_1_94' title='bbox 558 1735 681 1809; x_wconf 81' lang='lat' dir='ltr'><strong>superba</strong></span> <span class='ocrx_word' id='word_1_95' title='bbox 693 1733 748 1791; x_wconf 84' lang='lat' dir='ltr'><strong>des</strong></span> <span class='ocrx_word' id='word_1_96' title='bbox 761 1732 814 1791; x_wconf 82' lang='lat' dir='ltr'><strong>es?</strong></span> 
     </span>
    </p>

    <p class='ocr_par' dir='ltr' id='par_1_10' title="bbox 148 1832 993 2009">
     <span class='ocr_line' id='line_1_17' title="bbox 148 1832 993 1909; baseline 0.001 -20"><span class='ocrx_word' id='word_1_97' title='bbox 148 1835 197 1889; x_wconf 84' lang='lat' dir='ltr'><strong>An</strong></span> <span class='ocrx_word' id='word_1_98' title='bbox 209 1832 266 1890; x_wconf 87' lang='lat' dir='ltr'><strong>tibi</strong></span> <span class='ocrx_word' id='word_1_99' title='bbox 278 1851 338 1890; x_wconf 92' lang='lat' dir='ltr'><strong>non</strong></span> <span class='ocrx_word' id='word_1_100' title='bbox 351 1832 422 1890; x_wconf 87' lang='lat' dir='ltr'><strong>satis</strong></span> <span class='ocrx_word' id='word_1_101' title='bbox 435 1836 480 1891; x_wconf 87' lang='lat' dir='ltr'><strong>est</strong></span> <span class='ocrx_word' id='word_1_102' title='bbox 491 1833 583 1892; x_wconf 81' lang='lat' dir='ltr'><strong>fuscis</strong></span> <span class='ocrx_word' id='word_1_103' title='bbox 595 1837 749 1909; x_wconf 83' lang='lat' dir='ltr'><strong>Aegyptus</strong></span> <span class='ocrx_word' id='word_1_104' title='bbox 762 1833 912 1892; x_wconf 84' lang='lat' dir='ltr'><strong>alumnis?</strong></span> <span class='ocrx_word' id='word_1_105' title='bbox 961 1839 993 1891; x_wconf 79' lang='lat'><strong>15</strong></span> 
     </span>
     <span class='ocr_line' id='line_1_18' title="bbox 188 1931 814 2009; baseline 0.003 -20"><span class='ocrx_word' id='word_1_106' title='bbox 188 1932 247 1989; x_wconf 83' lang='lat' dir='ltr'><strong>Cur</strong></span> <span class='ocrx_word' id='word_1_107' title='bbox 259 1931 315 1990; x_wconf 87' lang='lat' dir='ltr'><strong>tibi</strong></span> <span class='ocrx_word' id='word_1_108' title='bbox 327 1936 389 1990; x_wconf 91' lang='lat' dir='ltr'><strong>tam</strong></span> <span class='ocrx_word' id='word_1_109' title='bbox 401 1932 490 2006; x_wconf 90' lang='lat' dir='ltr'><strong>longa</strong></span> <span class='ocrx_word' id='word_1_110' title='bbox 503 1934 596 1991; x_wconf 88' lang='lat' dir='ltr'><strong>Roma</strong></span> <span class='ocrx_word' id='word_1_111' title='bbox 608 1933 703 2009; x_wconf 77' lang='lat' dir='ltr'><strong>petitu</strong></span> <span class='ocrx_word' id='word_1_112' title='bbox 715 1933 814 1991; x_wconf 75' lang='lat' dir='ltr'><strong>visst?</strong></span> 
     </span>
    </p>

    <p class='ocr_par' dir='ltr' id='par_1_11' title="bbox 149 2033 865 2205">
     <span class='ocr_line' id='line_1_19' title="bbox 149 2033 865 2110; baseline 0.004 -20"><span class='ocrx_word' id='word_1_113' title='bbox 149 2034 262 2097; x_wconf 80' lang='lat' dir='ltr'><strong>Quidve</strong></span> <span class='ocrx_word' id='word_1_114' title='bbox 275 2033 332 2092; x_wconf 91' lang='lat' dir='ltr'><strong>tibi</strong></span> <span class='ocrx_word' id='word_1_115' title='bbox 344 2034 462 2110; x_wconf 88' lang='lat' dir='ltr'><strong>prodest</strong></span> <span class='ocrx_word' id='word_1_116' title='bbox 475 2034 578 2092; x_wconf 80' lang='lat' dir='ltr'><strong>viduas</strong></span> <span class='ocrx_word' id='word_1_117' title='bbox 591 2034 715 2092; x_wconf 86' lang='lat' dir='ltr'><strong>dormire</strong></span> <span class='ocrx_word' id='word_1_118' title='bbox 727 2033 865 2110; x_wconf 75' lang='lat' dir='ltr'><strong>puellus?</strong></span> 
     </span>
     <span class='ocr_line' id='line_1_20' title="bbox 189 2131 864 2205; baseline 0.003 -16"><span class='ocrx_word' id='word_1_119' title='bbox 189 2132 247 2190; x_wconf 81' lang='lat' dir='ltr'><strong>Sed</strong></span> <span class='ocrx_word' id='word_1_120' title='bbox 259 2131 323 2205; x_wconf 88' lang='lat' dir='ltr'><strong>tibi,</strong></span> <span class='ocrx_word' id='word_1_121' title='bbox 340 2132 423 2190; x_wconf 88' lang='lat' dir='ltr'><strong>crede</strong></span> <span class='ocrx_word' id='word_1_122' title='bbox 435 2131 518 2204; x_wconf 90' lang='lat' dir='ltr'><strong>mihi,</strong></span> <span class='ocrx_word' id='word_1_123' title='bbox 534 2152 642 2190; x_wconf 88' lang='lat' dir='ltr'><strong>cornua</strong></span> <span class='ocrx_word' id='word_1_124' title='bbox 654 2152 755 2190; x_wconf 88' lang='lat' dir='ltr'><strong>rursus</strong></span> <span class='ocrx_word' id='word_1_125' title='bbox 768 2136 864 2205; x_wconf 88' lang='lat' dir='ltr'><strong>erunt,</strong></span> 
     </span>
    </p>

    <p class='ocr_par' dir='ltr' id='par_1_12' title="bbox 149 2231 997 2404">
     <span class='ocr_line' id='line_1_21' title="bbox 149 2231 852 2306; baseline 0.004 -20"><span class='ocrx_word' id='word_1_126' title='bbox 149 2231 196 2287; x_wconf 85' lang='lat' dir='ltr'><strong>Et</strong></span> <span class='ocrx_word' id='word_1_127' title='bbox 209 2250 261 2288; x_wconf 90' lang='lat' dir='ltr'><strong>uos</strong></span> <span class='ocrx_word' id='word_1_128' title='bbox 275 2250 291 2288; x_wconf 87' lang='lat' dir='ltr'><strong>c</strong></span> <span class='ocrx_word' id='word_1_129' title='bbox 303 2234 402 2289; x_wconf 85' lang='lat' dir='ltr'><strong>nostra</strong></span> <span class='ocrx_word' id='word_1_130' title='bbox 415 2234 454 2303; x_wconf 86' lang='lat' dir='ltr'><strong>te,</strong></span> <span class='ocrx_word' id='word_1_131' title='bbox 471 2251 565 2303; x_wconf 83' lang='lat' dir='ltr'><strong>saeva,</strong></span> <span class='ocrx_word' id='word_1_132' title='bbox 580 2232 748 2306; x_wconf 80' lang='lat' dir='ltr'><strong>fugabimus</strong></span> <span class='ocrx_word' id='word_1_133' title='bbox 760 2233 832 2291; x_wconf 90' lang='lat' dir='ltr'><strong>urbe</strong></span> <span class='ocrx_word' id='word_1_134' title='bbox 845 2254 852 2289; x_wconf 90' lang='lat'>:</span> 
     </span>
     <span class='ocr_line' id='line_1_22' title="bbox 189 2329 997 2404; baseline 0.004 -18"><span class='ocrx_word' id='word_1_135' title='bbox 189 2329 262 2387; x_wconf 82' lang='lat' dir='ltr'><strong>Cum</strong></span> <span class='ocrx_word' id='word_1_136' title='bbox 276 2329 374 2388; x_wconf 82' lang='lat' dir='ltr'><strong>Tiberi</strong></span> <span class='ocrx_word' id='word_1_137' title='bbox 387 2329 457 2388; x_wconf 90' lang='lat' dir='ltr'><strong>Nilo</strong></span> <span class='ocrx_word' id='word_1_138' title='bbox 471 2331 565 2404; x_wconf 86' lang='lat' dir='ltr'><strong>gratis</strong></span> <span class='ocrx_word' id='word_1_139' title='bbox 576 2331 661 2388; x_wconf 92' lang='lat' dir='ltr'><strong>nulla</strong></span> <span class='ocrx_word' id='word_1_140' title='bbox 672 2330 741 2389; x_wconf 78' lang='lat' dir='ltr'><strong>fuit.</strong></span> <span class='ocrx_word' id='word_1_141' title='bbox 960 2337 997 2389; x_wconf 83' lang='lat'><strong>20</strong></span> 
     </span>
    </p>

    <p class='ocr_par' dir='ltr' id='par_1_13' title="bbox 150 2428 1004 2587">
     <span class='ocr_line' id='line_1_23' title="bbox 150 2428 1004 2506; baseline 0.009 -24"><span class='ocrx_word' id='word_1_142' title='bbox 150 2428 192 2483; x_wconf 84' lang='lat' dir='ltr'><strong>At</strong></span> <span class='ocrx_word' id='word_1_143' title='bbox 204 2431 248 2498; x_wconf 87' lang='lat' dir='ltr'><strong>tu,</strong></span> <span class='ocrx_word' id='word_1_144' title='bbox 265 2446 340 2503; x_wconf 87' lang='lat' dir='ltr'><strong>quae</strong></span> <span class='ocrx_word' id='word_1_145' title='bbox 352 2431 451 2486; x_wconf 92' lang='lat' dir='ltr'><strong>nostro</strong></span> <span class='ocrx_word' id='word_1_146' title='bbox 464 2429 588 2487; x_wconf 90' lang='lat' dir='ltr'><strong>nimium</strong></span> <span class='ocrx_word' id='word_1_147' title='bbox 599 2430 714 2506; x_wconf 80' lang='lat' dir='ltr'><strong>placata</strong></span> <span class='ocrx_word' id='word_1_148' title='bbox 727 2430 825 2489; x_wconf 85' lang='lat' dir='ltr'><strong>dolore</strong></span> <span class='ocrx_word' id='word_1_149' title='bbox 839 2449 877 2501; x_wconf 90' lang='lat' dir='ltr'><strong>es,</strong></span> <span class='ocrx_word' id='word_1_150' title='bbox 998 2447 1004 2455; x_wconf 85' lang='lat'><strong>·</strong></span> 
     </span>
     <span class='ocr_line' id='line_1_24' title="bbox 190 2523 780 2587; baseline 0.008 -6"><span class='ocrx_word' id='word_1_151' title='bbox 190 2523 333 2583; x_wconf 81' lang='lat' dir='ltr'><strong>Noctibus</strong></span> <span class='ocrx_word' id='word_1_152' title='bbox 345 2526 392 2583; x_wconf 92' lang='lat' dir='ltr'><strong>his</strong></span> <span class='ocrx_word' id='word_1_153' title='bbox 404 2527 490 2585; x_wconf 89' lang='lat' dir='ltr'><strong>vacui</strong></span> <span class='ocrx_word' id='word_1_154' title='bbox 503 2532 549 2586; x_wconf 86' lang='lat' dir='ltr'><strong>ter</strong></span> <span class='ocrx_word' id='word_1_155' title='bbox 562 2528 702 2586; x_wconf 80' lang='lat' dir='ltr'><strong>faciamus</strong></span> <span class='ocrx_word' id='word_1_156' title='bbox 714 2528 780 2587; x_wconf 91' lang='lat' dir='ltr'><strong>iter.</strong></span> 
     </span>
    </p>

    <p class='ocr_par' dir='ltr' id='par_1_14' title="bbox 151 2623 908 2786">
     <span class='ocr_line' id='line_1_25' title="bbox 151 2623 908 2703; baseline 0.009 -23"><span class='ocrx_word' id='word_1_157' title='bbox 151 2623 218 2680; x_wconf 89' lang='lat' dir='ltr'><strong>Non</strong></span> <span class='ocrx_word' id='word_1_158' title='bbox 232 2623 323 2694; x_wconf 87' lang='lat' dir='ltr'><strong>audis,</strong></span> <span class='ocrx_word' id='word_1_159' title='bbox 339 2627 370 2682; x_wconf 88' lang='lat' dir='ltr'><strong>et</strong></span> <span class='ocrx_word' id='word_1_160' title='bbox 382 2626 472 2683; x_wconf 86' lang='lat' dir='ltr'><strong>verba</strong></span> <span class='ocrx_word' id='word_1_161' title='bbox 485 2626 556 2685; x_wconf 88' lang='lat' dir='ltr'><strong>sinis</strong></span> <span class='ocrx_word' id='word_1_162' title='bbox 569 2647 633 2686; x_wconf 86' lang='lat' dir='ltr'><strong>mea</strong></span> <span class='ocrx_word' id='word_1_163' title='bbox 645 2627 754 2703; x_wconf 87' lang='lat' dir='ltr'><strong>ludere,</strong></span> <span class='ocrx_word' id='word_1_164' title='bbox 769 2647 837 2687; x_wconf 89' lang='lat' dir='ltr'><strong>cum</strong></span> <span class='ocrx_word' id='word_1_165' title='bbox 848 2629 908 2687; x_wconf 87' lang='lat' dir='ltr'><strong>iam</strong></span> 
     </span>
     <span class='ocr_line' id='line_1_26' title="bbox 190 2721 739 2786; baseline 0.013 -9"><span class='ocrx_word' id='word_1_166' title='bbox 190 2721 326 2780; x_wconf 86' lang='lat' dir='ltr'><strong>Flectsut</strong></span> <span class='ocrx_word' id='word_1_167' title='bbox 339 2723 428 2780; x_wconf 88' lang='lat' dir='ltr'><strong>Icarii</strong></span> <span class='ocrx_word' id='word_1_168' title='bbox 441 2725 535 2783; x_wconf 87' lang='lat' dir='ltr'><strong>sidera</strong></span> <span class='ocrx_word' id='word_1_169' title='bbox 546 2727 631 2785; x_wconf 86' lang='lat' dir='ltr'><strong>tarde</strong></span> <span class='ocrx_word' id='word_1_170' title='bbox 642 2727 739 2786; x_wconf 87' lang='lat' dir='ltr'><strong>boves.</strong></span> 
     </span>
    </p>

    <p class='ocr_par' dir='ltr' id='par_1_15' title="bbox 151 2819 998 2983">
     <span class='ocr_line' id='line_1_27' title="bbox 151 2819 998 2901; baseline 0.009 -25"><span class='ocrx_word' id='word_1_171' title='bbox 151 2820 245 2878; x_wconf 85' lang='lat' dir='ltr'><strong>Lenta</strong></span> <span class='ocrx_word' id='word_1_172' title='bbox 254 2819 348 2878; x_wconf 86' lang='lat' dir='ltr'><strong>bibis:</strong></span> <span class='ocrx_word' id='word_1_173' title='bbox 370 2822 481 2880; x_wconf 88' lang='lat' dir='ltr'><strong>mediae</strong></span> <span class='ocrx_word' id='word_1_174' title='bbox 490 2829 644 2901; x_wconf 90' lang='lat' dir='ltr'><strong>nequeunt</strong></span> <span class='ocrx_word' id='word_1_175' title='bbox 652 2829 682 2884; x_wconf 88' lang='lat' dir='ltr'><strong>te</strong></span> <span class='ocrx_word' id='word_1_176' title='bbox 691 2825 826 2900; x_wconf 77' lang='lat' dir='ltr'><strong>frangere</strong></span> <span class='ocrx_word' id='word_1_177' title='bbox 835 2830 945 2886; x_wconf 87' lang='lat' dir='ltr'><strong>noctes.</strong></span> <span class='ocrx_word' id='word_1_178' title='bbox 963 2833 998 2884; x_wconf 84' lang='lat'><strong>25</strong></span> 
     </span>
     <span class='ocr_line' id='line_1_28' title="bbox 191 2919 882 2983; baseline 0.012 -8"><span class='ocrx_word' id='word_1_179' title='bbox 191 2920 239 2976; x_wconf 85' lang='lat' dir='ltr'><strong>An</strong></span> <span class='ocrx_word' id='word_1_180' title='bbox 251 2919 381 2976; x_wconf 89' lang='lat' dir='ltr'><strong>nondum</strong></span> <span class='ocrx_word' id='word_1_181' title='bbox 394 2924 439 2979; x_wconf 88' lang='lat' dir='ltr'><strong>est</strong></span> <span class='ocrx_word' id='word_1_182' title='bbox 451 2921 526 2980; x_wconf 86' lang='lat' dir='ltr'><strong>talos</strong></span> <span class='ocrx_word' id='word_1_183' title='bbox 539 2923 656 2982; x_wconf 89' lang='lat' dir='ltr'><strong>mittere</strong></span> <span class='ocrx_word' id='word_1_184' title='bbox 669 2924 745 2982; x_wconf 87' lang='lat' dir='ltr'><strong>lassa</strong></span> <span class='ocrx_word' id='word_1_185' title='bbox 756 2925 882 2983; x_wconf 79' lang='lat' dir='ltr'><strong>monus?</strong></span> 
     </span>
    </p>

    <p class='ocr_par' dir='ltr' id='par_1_16' title="bbox 152 3018 888 3199">
     <span class='ocr_line' id='line_1_29' title="bbox 152 3018 888 3100; baseline 0.012 -25"><span class='ocrx_word' id='word_1_186' title='bbox 152 3018 201 3075; x_wconf 85' lang='lat' dir='ltr'><strong>Ah</strong></span> <span class='ocrx_word' id='word_1_187' title='bbox 213 3020 322 3094; x_wconf 85' lang='lat' dir='ltr'><strong>pereat,</strong></span> <span class='ocrx_word' id='word_1_188' title='bbox 338 3019 514 3097; x_wconf 88' lang='lat' dir='ltr'><strong>quicumque</strong></span> <span class='ocrx_word' id='word_1_189' title='bbox 527 3041 653 3082; x_wconf 84' lang='lat' dir='ltr'><strong>meracas</strong></span> <span class='ocrx_word' id='word_1_190' title='bbox 666 3024 795 3100; x_wconf 89' lang='lat' dir='ltr'><strong>repperit</strong></span> <span class='ocrx_word' id='word_1_191' title='bbox 808 3044 888 3098; x_wconf 84' lang='lat' dir='ltr'><strong>uvas,</strong></span> 
     </span>
     <span class='ocr_line' id='line_1_30' title="bbox 191 3116 861 3199; baseline 0.012 -26"><span class='ocrx_word' id='word_1_192' title='bbox 191 3116 385 3193; x_wconf 74' lang='lat' dir='ltr'><strong>corrupitque</strong></span> <span class='ocrx_word' id='word_1_193' title='bbox 397 3119 487 3176; x_wconf 89' lang='lat' dir='ltr'><strong>bonas</strong></span> <span class='ocrx_word' id='word_1_194' title='bbox 499 3124 615 3179; x_wconf 86' lang='lat' dir='ltr'><strong>nectare</strong></span> <span class='ocrx_word' id='word_1_195' title='bbox 628 3122 739 3198; x_wconf 92' lang='lat' dir='ltr'><strong>primus</strong></span> <span class='ocrx_word' id='word_1_196' title='bbox 753 3123 861 3199; x_wconf 82' lang='lat' dir='ltr'><strong>aquas!</strong></span> 
     </span>
    </p>
   </div>
   <div class='ocr_carea' id='block_1_3' title="bbox 152 3214 1000 3392">
    <p class='ocr_par' dir='ltr' id='par_1_17' title="bbox 152 3214 1000 3392">
     <span class='ocr_line' id='line_1_31' title="bbox 152 3214 788 3294; baseline 0.014 -23"><span class='ocrx_word' id='word_1_197' title='bbox 152 3214 235 3272; x_wconf 89' lang='lat' dir='ltr'><strong>Icare</strong></span> <span class='ocrx_word' id='word_1_198' title='bbox 249 3214 392 3292; x_wconf 80' lang='lat' dir='ltr'><strong>Cecropiis</strong></span> <span class='ocrx_word' id='word_1_199' title='bbox 406 3217 510 3276; x_wconf 83' lang='lat' dir='ltr'><strong>merito</strong></span> <span class='ocrx_word' id='word_1_200' title='bbox 524 3219 657 3294; x_wconf 87' lang='lat' dir='ltr'><strong>iugulate</strong></span> <span class='ocrx_word' id='word_1_201' title='bbox 671 3221 788 3294; x_wconf 87' lang='lat' dir='ltr'><strong>colonis,</strong></span> 
     </span>
     <span class='ocr_line' id='line_1_32' title="bbox 192 3313 1000 3392; baseline 0.012 -23"><span class='ocrx_word' id='word_1_202' title='bbox 192 3313 366 3390; x_wconf 86' lang='lat' dir='ltr'><strong>Pampineus</strong></span> <span class='ocrx_word' id='word_1_203' title='bbox 378 3315 456 3375; x_wconf 89' lang='lat' dir='ltr'><strong>nosti</strong></span> <span class='ocrx_word' id='word_1_204' title='bbox 469 3336 558 3392; x_wconf 84' lang='lat' dir='ltr'><strong>quam</strong></span> <span class='ocrx_word' id='word_1_205' title='bbox 571 3318 610 3377; x_wconf 86' lang='lat' dir='ltr'><strong>sit</strong></span> <span class='ocrx_word' id='word_1_206' title='bbox 623 3338 737 3378; x_wconf 89' lang='lat' dir='ltr'><strong>amarus</strong></span> <span class='ocrx_word' id='word_1_207' title='bbox 750 3320 828 3378; x_wconf 83' lang='lat' dir='ltr'><strong>odor.</strong></span> <span class='ocrx_word' id='word_1_208' title='bbox 963 3327 1000 3378; x_wconf 88' lang='grc'><strong>30</strong></span> 
     </span>
    </p>
   </div>
   <div class='ocr_carea' id='block_1_4' title="bbox 0 0 1098 3720">
    <p class='ocr_par' dir='ltr' id='par_1_18' title="bbox 0 0 1098 3720">
     <span class='ocr_line' id='line_1_33' title="bbox 0 0 1098 3720; baseline 0 0"><span class='ocrx_word' id='word_1_209' title='bbox 0 0 1098 3720; x_wconf 95' lang='lat' dir='ltr'><strong> </strong></span> 
     </span>
    </p>
   </div>
  </div>
 </body>
</html>
