2168 3720
113 230 169 283 ηε
320 223 537 283 enormen
557 223 618 282 uu.
639 221 692 297 1v,
717 226 762 280 11.

109 383 182 454 Aut,
198 381 224 440 si
237 382 305 460 quis
313 375 409 458 posu
418 381 510 440 iudex
519 381 601 440 sedet
613 381 728 440 Aeaeus
736 399 821 454 urna,

149 482 266 539 Inmee
278 479 382 540 sortitu
393 472 690 557 vindicetomapils:
925 483 962 537 20

110 581 276 650 Assidesnt,
290 580 410 639 humens
422 581 508 639 iuxta
519 579 632 639 Minoia
645 580 726 652 sella,
741 582 773 640 et

149 680 346 738 Ebmenidum
358 679 474 738 intento
486 681 575 738 turbu
587 698 688 738 severa
699 678 772 737 foro.

111 781 245 859 Sisyphe,
260 783 337 840 mole
350 801 442 856 vsoes,
457 785 575 840 taceant
586 781 702 840 Ixionis
711 783 802 854 orbes,

150 881 257 938 Fallax
270 881 411 939 Tantaleo
425 880 565 956 corripere
578 900 624 940 ora
636 880 745 958 liquor,

111 979 254 1039 Cerberus
266 984 297 1039 et
309 979 408 1038 nullus
420 979 507 1038 hodie
514 982 597 1055 petat
609 978 760 1055 improbus
772 981 963 1053 umbrosas

150 1079 193 1138 Et
204 1078 299 1138 iuoeat
308 1069 400 1137 taciti
412 1060 494 1154 lapsa
507 1081 612 1137 ostens
623 1097 696 1137 sere.

112 1176 184 1253 Ipsa
195 1177 300 1253 loquar
311 1196 365 1252 pro
377 1196 491 1235 me:s1
481 1176 586 1249 fullo,
601 1196 695 1253 poena
707 1195 838 1236 sororum

64 1337 68 1345 ,
152 1275 265 1334 Infelix
277 1295 393 1334 umeros
405 1279 510 1350 urgeat
522 1294 597 1334 urna
609 1294 698 1336 moos.

113 1374 146 1433 si
159 1375 208 1433 oui
220 1361 300 1433 fimi
307 1374 369 1434 iuit
380 1394 434 1450 per
446 1369 527 1434 avita
538 1361 659 1451 tripaei
670 1374 776 1448 decori,

152 1474 230 1532 Aera
242 1473 684 1551 Numantinosanaloquuntur
696 1494 774 1535 avos.
927 1479 964 1534 30

113 1573 217 1631 Altera
229 1575 358 1631 materni
371 1575 554 1650 exsequatur
566 1574 655 1632 turba
667 1572 801 1646 Libones,

153 1672 193 1730 Et
205 1671 309 1729 domus
319 1674 364 1730 est
376 1671 475 1730 titulis
488 1675 613 1748 utraque
625 1671 705 1730 fulta
718 1671 787 1730 suis.

113 1771 195 1842 Mox,
210 1770 263 1829 ubi
275 1769 334 1829 iam
346 1770 461 1830 isoibus
474 1771 561 1830 cessit
572 1774 729 1848 praetexta
741 1769 863 1845 maritis,

153 1870 305 1930 vinxisse
318 1875 451 1947 eooeptas
464 1872 557 1931 altera
568 1871 646 1931 vitta
658 1891 761 1945 eomas,

115 1972 236 2044 Iungor,
250 1970 363 2044 Paulle‚
378 1973 431 2028 tuo
445 1970 486 2029 sio
499 1970 660 2030 discessura
673 1971 782 2030 cubili:
927 1975 964 2028 35

154 2070 193 2128 In
205 2070 302 2146 lapide
315 2069 384 2127 haio
396 2068 450 2127 uni
463 2072 557 2144 nupta
568 2068 659 2150 fuisse
668 2070 759 2144 legar.

20 2203 25 2214 ·
115 2169 217 2228 Testor
230 2169 371 2228 maiorum
384 2168 495 2227 eineres
507 2168 572 2241 tibi,
588 2169 689 2242 Roma,
704 2170 852 2242 verendos,

155 2268 217 2327 Sub
230 2288 355 2345 quorum
367 2267 473 2340 titulis,
489 2267 598 2340 Abies,
614 2271 699 2327 tonsa
711 2268 796 2341 isoes,

116 2368 156 2425 Et
168 2368 276 2425 Persen
288 2366 390 2442 proavi
404 2367 590 2425 simulantem
602 2371 705 2442 peetus
718 2367 852 2441 Achillis,

155 2465 272 2542 Quique
285 2468 352 2524 tuas
364 2483 471 2541 proavo
484 2465 575 2540 fregit
587 2466 704 2526 Aobille
718 2467 825 2540 domos,
928 2471 966 2525 40

116 2564 165 2622 Me
177 2584 274 2641 nequo
288 2584 424 2624 censurae
432 2565 527 2640 legem
539 2565 676 2636 mollisse,
692 2583 746 2625 neo
759 2565 822 2624 ulla

154 2662 234 2722 Laba
246 2682 311 2722 mea
323 2665 434 2722 vestros
448 2663 598 2722 erubuisse
610 2663 698 2722 focos.

115 2762 145 2821 N
146 2782 184 2820 ou
192 2761 254 2822 fuit
267 2762 384 2822 exuviis
396 2762 490 2822 tantis
503 2763 637 2822 Cornelia
650 2764 797 2836 damnum,

157 2861 236 2927 Quin
249 2865 311 2921 erat
324 2864 355 2921 et
367 2881 489 2936 maguae
501 2881 569 2938 pars
581 2861 723 2922 imitanda
735 2863 846 2944 domus.

117 2961 179 3020 Neo
191 2981 256 3020 mea
268 2965 382 3020 mutata
395 2965 440 3020 est
453 2963 541 3034 aetas,
558 2961 620 3021 sine
633 2961 754 3021 crimino
766 2964 829 3022 tota
842 2965 904 3022 ost:
929 2969 967 3021 45

155 3060 292 3120 Viximus
305 3059 434 3135 insignes
447 3060 525 3120 inter
537 3063 692 3138 utramque
704 3060 808 3120 issem.

117 3158 161 3216 Mi
173 3163 280 3218 natura
291 3159 374 3219 dedit
388 3160 468 3235 loges
482 3179 499 3217 a
512 3160 652 3234 sanguine
666 3161 777 3234 ductas,

157 3258 203 3317 No
215 3279 327 3335 possem
340 3258 443 3318 melior
455 3250 560 3317 iudiois
574 3278 635 3318 esse
648 3263 739 3319 metu.

118 3355 272 3424 Quaelibet
285 3361 415 3420 austeras
427 3357 464 3419 de
476 3378 523 3419 me
535 3357 700 3418 {eruturus
712 3358 855 3419 tabellas:
