2168 3720
232 261 450 320 PROPERTII
470 260 530 320 aL.
552 261 597 333 ΙΙ,
622 266 668 334 33,
686 267 733 320 34.
868 266 904 317 69

54 419 162 494 Tuque
177 438 193 477 ο
208 419 353 496 Eurytion
366 419 434 478 vino
449 419 593 478 Centaure
606 418 717 495 peristi,

94 517 229 576 Necnon
243 519 365 576 Ismario
379 521 423 589 tu,
439 518 628 595 Polypheme,
644 538 732 576 mero.

53 616 132 676 Vino
144 616 238 676 forma
250 617 336 692 perit,
352 617 420 675 vino
435 617 633 692 corrumpitur.
644 620 730 690 aetas,

94 714 171 773 Vino
185 735 269 791 saepe
283 736 368 774 sunm
381 716 476 775 nescit
489 717 581 775 amica
594 716 698 774 virum.

54 814 105 872 Me
118 813 264 885 miserum,
280 819 315 872 ut
327 815 420 872 multo
434 814 512 872 nihil
526 818 570 873 est
583 817 697 872 mutata
709 813 824 890 Lyaeo!
868 819 902 870 35

95 914 161 971 Iam
173 912 259 972 bibe:
281 913 407 972 formosa
420 933 470 972 es:
493 913 537 971 nil
550 913 606 972 tibi
619 913 689 972 vina
701 917 817 984 nocent,

55 1013 130 1071 Cum
143 1017 197 1071 tua
209 1012 406 1088 praependent
419 1011 558 1071 demissae
572 1012 604 1069 in
617 1012 721 1087 pocula
734 1015 836 1081 sertae,

96 1112 135 1170 Et
148 1131 213 1170 mea
225 1111 349 1169 deducta
362 1109 490 1168 carmina
503 1129 573 1168 voce
586 1110 668 1184 legis.

55 1210 181 1285 Largius
195 1210 286 1269 effuso
299 1211 414 1281 madeat
427 1209 483 1269 tibi
497 1229 596 1268 mensa
609 1209 741 1283 Falerno,

96 1309 219 1384 Spumet
232 1312 263 1367 et
276 1311 376 1367 aurato
389 1308 507 1366 mollius
520 1308 552 1365 in
566 1308 663 1366 calice.
868 1314 904 1365 40

55 1408 149 1466 Nulla
160 1411 259 1466 tamen
272 1408 348 1465 lecto
361 1406 467 1482 recipit
480 1426 510 1465 sc
525 1407 585 1465 sola
597 1407 741 1465 libenter:

95 1505 150 1563 Est
164 1505 301 1582 quiddam
315 1505 393 1582 quod
405 1525 457 1563 vos
471 1525 609 1581 quaerere
623 1509 707 1580 cogat
720 1507 818 1565 Amor.

57 1605 176 1680 Semper
188 1604 221 1662 in
234 1606 367 1663 absentes
380 1604 494 1663 felicior
507 1610 604 1664 aestus
617 1610 765 1666 amantes:

96 1704 202 1763 Elevat
215 1703 344 1763 assiduos
358 1705 441 1781 copia
453 1705 541 1780 longa
554 1705 641 1765 viros.

431 1902 532 1942 XXXIV.

57 2002 117 2060 Cur
130 2001 284 2078 quisquam
296 2001 400 2062 faciem
414 2004 546 2063 dominae
559 2004 618 2063 iam
631 2005 730 2064 credat
743 2006 852 2062 amico?

97 2102 145 2160 Sic
160 2094 260 2178 drepta
272 2103 345 2161 mihi
358 2123 449 2179 paene
462 2105 562 2180 puella
574 2124 639 2163 mea
652 2109 706 2164 est.

56 2201 206 2276 Expertus
219 2201 292 2274 dico,
308 2221 392 2260 nemo
407 2202 497 2262 estin
510 2222 606 2261 amore
619 2203 732 2262 fidelis:

97 2300 264 2359 Formosam
276 2320 341 2359 raro
353 2320 412 2359 non
426 2301 481 2360 sibi
495 2301 619 2378 quisque
633 2302 718 2377 petit.

56 2397 170 2456 Polluit
182 2398 234 2457 ille
247 2399 319 2457 dens
333 2404 478 2472 cognatos,
495 2399 582 2458 solvit
596 2399 709 2473 amicos,
888 2407 903 2455 5

97 2496 137 2555 Et
149 2498 223 2556 bene
236 2500 390 2557 concordes
402 2499 499 2557 tristia
512 2499 549 2558 ad
562 2518 641 2557 arma
656 2502 747 2559 vocat.

56 2595 173 2672 Hospes
186 2596 218 2654 in
231 2598 399 2673 hospitium,
416 2599 548 2657 Menelao
562 2598 645 2657 venit
658 2598 792 2657 adulter:

98 2695 213 2754 Colchis
226 2699 257 2754 et
268 2695 402 2770 ignotum
415 2717 511 2756 nonne
525 2700 624 2756 secuta
636 2697 733 2756 virum
746 2697 814 2755 est?

57 2794 188 2871 Lyncen,
204 2798 277 2853 tune
290 2796 528 2871 meampotuisti,
545 2797 663 2872 perfide,
680 2816 779 2854 curam

98 2892 254 2967 Tangere?
272 2913 369 2952 nonne
382 2896 451 2952 tuae
463 2898 529 2953 tum
542 2893 670 2952 cecidere
683 2893 810 2951 manus?
872 2899 905 2950 10

59 2991 139 3056 Quid
152 2992 177 3053 si
189 3012 249 3051 non
263 2995 398 3052 constans
409 2993 463 3051 illa
476 2997 506 3052 61
519 2996 580 3051 tam
595 2996 675 3052 certa
686 2991 816 3050 fuisset?

98 3091 200 3150 Posses
213 3091 245 3150 in
258 3094 341 3150 tanto
355 3091 454 3150 vivere
468 3090 605 3166 flagitio?

58 3188 105 3246 Tu
119 3190 192 3246 mihi
205 3190 254 3247 vel
266 3189 342 3247 ferro
356 3193 458 3264 pectus
471 3190 520 3248 vel
532 3189 621 3265 perde
634 3207 765 3247 veneno:

99 3287 128 3344 A
141 3286 257 3356 domina
269 3291 387 3346 tantum
399 3292 429 3347 16
442 3289 526 3347 modo
540 3289 611 3347 tolle
624 3307 697 3345 mea.

60 3384 102 3444 Te
117 3385 226 3445 socium
239 3386 326 3459 vitae,
342 3391 373 3446 te
387 3387 513 3465 corporis
526 3405 588 3447 esse
600 3385 725 3446 licebit:
874 3391 916 3442 11
