2168 3720
114 154 178 213 xliv
420 153 661 214 PRAEFATIO.

154 312 229 371 Add.
246 312 342 371 Strab.
368 316 413 370 12.
430 316 458 372 8.
477 316 521 384 11,
540 313 577 371 ab
591 310 786 385 Hertzbergio
805 311 972 370 laudatum.

113 412 198 477 Quod
224 410 250 470 si
277 412 437 488 Dindymus
470 431 617 470 servemus
649 411 759 485 insigni
787 410 972 470 coniecturae

112 511 188 570 obsit
201 512 371 589 asyndeton,
383 514 419 570 ut
430 514 542 570 taceam
552 510 741 586 Hertzbergii
754 509 973 570 cavillationem

111 609 232 669 Latinos
264 610 438 685 Dindymum
467 609 515 668 vel
541 609 694 684 Dindyma,
725 629 784 668 non
810 609 973 685 Dindymus

112 709 230 768 dixisse.
271 708 460 784 Reponamus
480 727 548 782 ergo
561 707 714 784 Dindymis
734 707 782 766 vel
801 708 970 783 Dindymia.

113 808 238 885 Cyzicus
257 805 326 865 olim
339 806 491 881 Dindymis
505 806 584 865 diota
597 809 649 878 est,
665 809 741 866 teste
755 806 851 864 Plinio
872 806 912 865 N.
927 806 970 866 Η.

114 912 140 964 5.
158 911 214 964 4οε
236 905 294 977 hio,
311 906 404 976 oredo,
422 904 531 981 Cybele
543 904 607 981 ipsa
620 905 776 982 Dindymis
790 904 881 965 audit.

154 1010 202 1063 22.
224 1010 252 1063 6.
273 1005 317 1062 Et
330 1004 360 1062 N
373 1004 433 1063 Noc
447 1004 547 1077 vulgo.

152 1110 201 1164 22.
223 1110 251 1163 9.
278 1105 407 1163 Girioac'a
420 1103 461 1174 N,
483 1103 607 1178 Geryoni
618 1101 660 1161 H.

155 1208 203 1261 22.
228 1207 274 1262 15.
295 1202 406 1261 Versus
419 1205 582 1277 corruptus.
611 1202 751 1279 Etaiquo
761 1201 900 1277 ortyceN.
928 1202 973 1260 Et

113 1305 141 1362 oi
152 1322 208 1380 quc
226 1303 359 1378 Ortyyc'ce
377 1301 430 1373 H,
454 1320 520 1360 oum
539 1301 736 1373 Lachmanno,
753 1301 805 1378 qui
825 1284 852 1360 Ι.
874 1301 973 1361 Vossii

115 1400 347 1460 emendationem
365 1401 483 1476 Ortyyio'
494 1401 526 1458 in
543 1401 676 1476 Ortyyo'co
689 1401 825 1459 mutavit.
837 1401 973 1477 Ephesus

116 1499 238 1576 antiquo
257 1497 374 1558 nomine
399 1498 523 1575 Ortygia
542 1498 620 1557 dicte
636 1502 689 1557 est.
719 1499 763 1557 cf.
779 1499 856 1558 Plin.
876 1504 904 1556 5.
922 1504 970 1558 31.

115 1599 157 1655 Et
169 1598 197 1655 si
209 1597 360 1674 qoodriyco
382 1595 520 1670 Scaliger,
537 1617 589 1673 per
609 1598 774 1675 quadriplam
792 1597 909 1670 Ooyatri
926 1597 973 1656 in·

115 1695 254 1770 telligens
267 1698 409 1771 quattuor
426 1697 514 1754 urbes
527 1696 686 1772 Ephesum,
710 1697 873 1774 Smyrnam,
889 1696 974 1756 Golo-

117 1794 252 1870 phonem,
273 1793 422 1852 Miletum.
466 1780 508 1851 Si
522 1813 607 1870 quaec
627 1794 759 1870 obro'yem'
778 1815 869 1871 marg.
891 1796 972 1871 Alo,

118 1893 173 1950 Ed.
199 1892 274 1952 Ven.
302 1897 387 1951 1500.
433 1893 504 1953 Olor
527 1894 605 1952 enim
630 1894 781 1971 Caystrius
808 1895 877 1954 ales.
926 1895 973 1954 cf.

119 1991 270 2051 Claudian.
285 1992 341 2068 Ep.
357 1996 385 2049 2.
399 1995 454 2050 12:
473 1992 589 2069 Cycnus
603 1993 731 2052 oloriferi
741 1993 825 2052 vexit
838 1995 874 2052 ab
888 2014 974 2053 amne

118 2091 199 2149 Padi.
227 2091 270 2149 Et
279 2110 334 2167 quc
349 2090 458 2166 nyoci
467 2091 532 2150 edd.
542 2094 615 2150 vett.
629 2111 644 2149 1
655 2092 728 2150 ooni.
738 2092 846 2151 Volsci.
859 2095 976 2169 cyyaoca'

118 2190 244 2266 Lipsius.
260 2190 341 2250 Fort.
385 2189 468 2248 ‘Etsi
482 2190 530 2248 cui
544 2191 642 2268 (quoi)
659 2191 739 2267 riyuo'
747 2191 754 2220 ²
770 2191 854 2249 ouius
867 2191 974 2250 ultima

120 2290 233 2367 syllaba
252 2291 365 2348 uicum
386 2293 454 2348 ante
468 2290 502 2347 ui
512 2289 545 2348 in
565 2291 686 2348 uisenda
706 2290 870 2362 excidisset,
893 2291 974 2348 relli-

117 2387 975 2464 11111111119111119111111111111111111111111111111

117 2488 263 2564 propriam
277 2488 337 2546 vim
350 2489 409 2546 iam
423 2489 531 2548 sumit:
557 2489 665 2564 ‘digna
678 2508 753 2566 quae
766 2489 899 2549 visatur!

156 2592 205 2646 22.
227 2591 276 2646 23.
299 2587 426 2645 tirburoe
440 2588 478 2659 N,
486 2589 616 2664 flaca'N.

156 2691 205 2745 22.
227 2690 275 2746 25.
297 2686 427 2745 Albanae
442 2687 515 2745 locus
529 2693 556 2746 et
569 2688 608 2746 N.
641 2687 751 2746 odanda
760 2687 799 2748 N.
821 2686 868 2764 (ab
883 2707 921 2746 ex
935 2692 974 2745 23

116 2785 276 2862 repetitum
302 2785 376 2843 mihi
402 2785 544 2860 videtur).
591 2787 773 2865 Albanasque
796 2786 871 2846 aas
894 2787 927 2844 P.
948 2791 976 2845 et

119 2886 194 2943 undo
207 2885 249 2944 H.
263 2888 344 2943 recte
358 2883 470 2959 opinor.

158 2987 206 3041 22.
228 2988 277 3042 26.
299 2983 422 3058 nympha
436 2983 474 3041 N.
668 2990 716 3045 22.
739 2985 787 3044 27.
808 3004 882 3044 auno
895 2985 933 3043 N.

159 3086 206 3140 22.
229 3087 277 3140 28.
291 3082 357 3157 fait
370 3100 427 3140 unc
439 3081 478 3141 N.
505 3081 578 3158 fluit
591 3084 666 3141 uada
679 3084 862 3142 Perreianus.
893 3083 976 3159 sarit

121 3181 311 3239 Passeratius.
488 3224 496 3240 .
680 3187 728 3240 22.
752 3187 799 3241 36.
821 3183 883 3242 boui
894 3183 933 3243 N.

159 3283 206 3337 22.
230 3281 277 3339 37.
299 3279 490 3358 Arborcasquc
509 3280 587 3353 libri,
610 3281 782 3341 Arboreae
798 3282 844 3343 11.
859 3282 932 3341 aenis
945 3281 976 3340 N

119 3399 164 3458 pr.
180 3379 251 3438 cinis
265 3379 294 3438 N
308 3399 365 3439 sec.
