2168 3720
311 224 529 285 PROPERTII
550 224 609 284 uL.
625 225 679 299 IV,
699 231 744 284 10.
770 229 814 286 11.
930 231 987 284 135

175 383 283 444 cervix
296 383 441 444 Romanos
454 381 594 460 sanguine
606 383 682 443 lavit
694 402 793 461 equor.

136 484 275 544 Claudius
287 484 416 544 Eridano
429 481 566 543 traiectos
579 482 673 542 arcuit
685 483 792 556 hostes,

171 583 291 659 Belgica
304 603 370 642 cum
383 582 462 642 vasti
473 601 574 659 parma
584 582 679 641 relata
691 581 774 641 ducis
945 588 982 642 40

132 681 307 744 Virdomari.
348 681 448 742 Genus
460 681 509 740 hic
522 680 626 740 Rheno
638 680 767 742 iactabat
780 683 816 742 ab
829 681 902 759 ipso,

170 781 286 840 Nobilis
300 800 315 840 e
328 779 417 840 rectia
428 779 553 840 irmdere
567 799 652 855 gaesa
664 779 746 841 rotis.

132 879 185 939 illi
197 879 328 954 virgatas
340 878 498 938 maculanti
512 878 649 954 sanguine
662 879 764 938 bracus

171 981 296 1060 Torquis
309 983 346 1042 ab
359 981 450 1041 incisa
463 981 572 1041 decidit
586 1001 662 1042 unca
676 982 755 1057 gula.

131 1082 219 1142 Nunc
232 1082 324 1159 spolia
334 1080 484 1158 intemplo
493 1080 551 1140 tria
565 1079 694 1139 condita:
711 1081 926 1158 caueaFeretrI,
943 1089 980 1143 45

170 1181 274 1240 Omine
288 1181 366 1259 quod
379 1184 457 1240 certo
471 1181 533 1238 dux
545 1179 616 1239 ierit
630 1199 698 1240 ense
712 1181 815 1241 ducem
828 1203 835 1253 ;

132 1279 199 1352 Seu,
215 1279 286 1357 quia
297 1279 377 1339 victa
390 1278 451 1338 auis
463 1277 571 1337 umeris
580 1277 638 1337 huc
652 1297 732 1338 arma
743 1278 887 1352 ferebant,

169 1379 249 1439 Hinc
262 1378 377 1439 Feretri
390 1378 469 1437 dicta
483 1380 527 1437 est
540 1397 591 1437 ara
605 1380 729 1456 superba
741 1379 831 1439 Iovia.

534 1574 577 1614 XI.

130 1673 246 1748 Desine,
262 1674 373 1746 Paulle,
389 1693 488 1733 meum
499 1674 629 1734 lacrimis
641 1694 746 1751 urgere
760 1675 943 1754 sepulcrum:

169 1773 312 1833 Panditur
325 1773 363 1832 cd
375 1773 472 1832 nullas
484 1772 574 1833 ianua
586 1773 671 1849 nigra
682 1793 792 1852 preces.

130 1873 204 1933 Cum
217 1873 306 1933 semel
318 1871 449 1932 infernas
461 1872 612 1933 intremunt
623 1873 729 1934 funera
741 1875 832 1951 leges,

168 1973 198 2032 N
199 1991 237 2031 on
249 1974 369 2031 exoratu
383 1974 464 2031 stant
477 1972 629 2032 adamante
639 1972 713 2033 viae.

130 2071 171 2130 Te
183 2071 255 2132 licet
267 2073 399 2130 orantem
410 2069 510 2130 turcae
523 2071 596 2130 deus
608 2070 710 2131 audiat
723 2071 821 2146 aula03
960 2078 977 2130 5

168 2171 281 2248 Nempe
292 2173 360 2229 tuas
372 2169 506 2232 lacrimas
518 2169 606 2229 litora
620 2169 707 2229 surda
718 2169 830 2231 bibent.

128 2268 205 2328 Vota
214 2270 333 2329 movent
346 2287 482 2344 superos:
504 2266 556 2327 ubi
569 2266 694 2344 portitor
707 2286 774 2327 aera
786 2267 903 2344 recepit,
1030 2343 1032 2348 Ι

168 2367 290 2428 Obserat
303 2368 449 2427 umbrosos
462 2365 559 2426 lurida
571 2369 656 2442 porta
668 2385 763 2442 rogos.

130 2465 177 2525 Sic
190 2468 317 2526 maestae
330 2464 460 2525 cecinere
472 2465 570 2538 tubae,
587 2483 654 2524 cum
668 2453 785 2525 subditi
797 2467 929 2526 nocuum

167 2563 495 2624 Detraheretlectuiax
507 2548 737 2640 inimicdcapnt.
941 2569 977 2622 10

129 2662 207 2727 Quid
218 2663 292 2722 mihi
305 2662 473 2738 coniugium
485 2661 592 2735 Paulli,
608 2661 680 2740 quid
693 2681 794 2722 currus
809 2682 928 2723 avorum

166 2761 282 2822 Profuit
296 2765 348 2822 aut
359 2762 454 2822 famae
463 2761 585 2838 pignora
597 2763 682 2820 tanta
694 2760 798 2822 meae?

127 2863 203 2923 Num
214 2863 312 2923 minuc
324 2862 452 2922 immite·
464 2861 569 2922 habuit
583 2860 717 2920 Cornelia
730 2860 853 2920 Percacz

165 2961 211 3020 Ea
225 2981 298 3034 sum,
314 2961 393 3039 quod
405 2959 505 3036 digItis
519 2959 650 3037 quinque
662 2959 788 3034 legatur,
804 2977 886 3018 unua.

126 3059 288 3120 Damnatae
300 3064 409 3132 noctes,
424 3062 455 3118 et
467 3077 518 3118 voa
531 3059 606 3118 vada
618 3059 700 3117 lenta
712 3057 842 3134 paludes,
940 3064 975 3117 15

164 3159 205 3219 Et
218 3177 419 3237 quaecumque
432 3177 510 3217 meos
523 3156 656 3234 implicat
668 3155 748 3214 unda
759 3155 855 3232 pedes,

125 3259 289 3320 Inmatura
301 3259 379 3332 licet,
395 3262 494 3319 tamen
505 3258 565 3317 huc
579 3277 639 3317 non
652 3255 740 3316 noxia
749 3256 836 3316 veni:

163 3357 225 3419 Det
237 3358 325 3419 Pater
338 3357 386 3418 hic
399 3358 519 3417 umbrae
531 3355 632 3417 mollia
644 3355 711 3416 iura
719 3373 811 3414 meae.
