2168 3720
161 274 198 329 11
357 267 800 342 -111111111111114,

198 429 239 486 Te
253 428 402 486 dominum
416 425 539 491 admitto
552 428 647 499 rebus,
664 425 764 498 amice,
780 424 872 485 meis:

160 530 249 588 Lecto
261 531 293 587 te
307 528 408 600 solum,
424 528 501 586 lecto
514 530 545 585 te
558 527 696 602 deprecor
709 545 778 585 uno.

198 627 332 686 Rivalem
345 646 463 704 possum
475 645 535 685 non
549 645 601 700 ego
614 625 691 684 ferre
705 625 817 684 Iovem.

160 728 228 802 Ipse
241 745 319 784 meae
333 725 420 797 solus,
436 724 514 801 quod
526 723 571 781 nil
584 727 637 796 cst,
653 724 783 782 aemulor
794 724 920 795 umbrae,

201 825 326 897 Stultus,
343 823 422 901 quod
434 823 515 881 nullo
529 842 613 898 saepe
626 821 730 881 timore
743 825 845 881 tremo.
972 826 1008 880 20

160 925 227 982 Una
239 927 338 982 tamen
352 943 438 982 causa
451 925 504 994 est,
521 941 580 999 qua
593 920 714 980 crimina
726 925 810 980 111111
822 921 950 994 remitto,

200 1024 345 1083 Errabant
357 1023 450 1081 multo
464 1021 543 1098 quod
555 1024 608 1081 tua
620 1022 709 1079 verba
722 1039 811 1078 mero.

162 1124 219 1181 Sed
232 1142 392 1200 numquam
404 1120 484 1180 11111
496 1119 582 1179 fallet
594 1139 641 1178 me
654 1139 728 1195 ruga
741 1139 856 1179 severae
868 1141 877 1178 :

112 1290 114 1295 y
201 1222 307 1281 Omnes
319 1220 378 1280 iam
390 1222 508 1292 norunt,
525 1238 613 1296 quam
627 1218 665 1278 sit
679 1239 774 1279 amare
787 1220 906 1279 bonum.

161 1321 295 1397 Lynceus
308 1320 371 1398 ipse
384 1341 466 1380 meus
480 1339 558 1379 seros
571 1317 682 1379 insanit
695 1338 814 1378 amores.
972 1325 1008 1377 25

202 1420 301 1478 Solum
314 1424 346 1479 te
359 1422 471 1478 nostros
483 1420 578 1478 laetor
590 1418 669 1477 adire
682 1419 759 1478 deos.

161 1518 240 1583 Quid
253 1522 306 1577 tua
319 1517 473 1578 Socraticis
485 1517 542 1577 tibi
555 1537 633 1576 nunc
647 1516 789 1594 sapientia
801 1516 885 1577 libris

200 1616 335 1676 Proderit
347 1619 400 1675 aut
412 1637 509 1676 rerum
523 1617 617 1676 dicere
630 1636 714 1694 posse
726 1615 813 1675 vias?

160 1717 224 1773 Aut
238 1714 310 1791 quid
322 1714 474 1774 Erechthei
487 1714 543 1773 tibi
556 1719 679 1792 prosunt
692 1714 819 1774 carmina
831 1713 933 1774 lecto?

202 1812 254 1870 Nil
266 1813 350 1871 iuvat
362 1813 395 1870 in
407 1832 512 1886 magno
525 1818 623 1873 vester
635 1833 730 1873 amore
745 1832 842 1872 senex.
972 1818 1009 1872 30

162 1913 207 1970 'lu
222 1912 314 1971 satius
327 1911 421 1970 Musis
433 1913 581 1972 meliorem
594 1913 709 1972 imitere
722 1913 878 1986 Philetam,

202 2012 243 2070 Et
256 2030 315 2071 non
328 2011 425 2070 inflati
438 2012 549 2071 somnia
562 2011 741 2071 Callimachi.

163 2111 192 2167 N
193 2131 240 2169 am
253 2130 353 2171 cursus
365 2111 435 2171 licet
448 2111 548 2170 Aetoli
560 2111 668 2170 referas
681 2110 812 2183 Acheloi,

202 2211 340 2271 Fluxerit
352 2214 388 2270 ut
400 2230 504 2285 magno
517 2210 630 2269 fractus
644 2230 739 2269 amore
752 2210 858 2287 liquor,

163 2311 263 2385 Atque
277 2309 366 2368 etiam
378 2313 414 2369 ut
427 2309 556 2386 Phrygio
565 2307 660 2367 fallax
669 2309 838 2367 Maeandria
852 2327 952 2386 campo
973 2313 1010 2368 35

202 2408 290 2467 Errat
303 2412 333 2468 et
345 2409 409 2484 ipsa
422 2428 488 2468 suas
501 2408 611 2485 decipit
623 2410 702 2467 unda
713 2410 785 2482 vias,

164 2505 265 2570 Qualis
278 2509 309 2564 et
323 2506 442 2565 Adrasti
454 2507 546 2566 inerit
558 2508 667 2566 vocalis
679 2508 776 2567 Arion

201 2602 309 2662 Tristia
321 2604 358 2661 ad
370 2605 541 2664 Archemori
553 2606 658 2665 iuuere
670 2606 765 2666 victor
778 2627 872 2685 equus
882 2629 891 2666 1

162 2703 372 2780 Amphiaraeae
385 2723 444 2762 non
457 2704 570 2781 prosint
583 2705 645 2764 iata
659 2706 825 2782 quadrigae,

204 2803 268 2861 Aut
281 2801 407 2878 Capanei
419 2822 524 2878 magno
538 2808 621 2878 grata
633 2805 719 2863 ruina
731 2804 807 2864 Iovi.
973 2808 1011 2861 40

165 2902 272 2960 Desine
286 2920 318 2960 eo
330 2901 489 2977 Aeschyleo
504 2919 672 2978 componere
684 2904 773 2963 verba
787 2903 939 2976 cothurno,

203 2999 321 3073 Desine,
338 3003 368 3059 11
381 3000 418 3058 ad
430 3001 532 3059 molles
546 3003 675 3060 membra
687 3003 799 3061 resolve
813 3001 933 3062 choros!

165 3101 267 3176 Incipe
280 3100 339 3159 iam
352 3103 476 3175 angusto
489 3120 591 3159 versus
603 3101 753 3161 includere
766 3104 860 3176 torno,
943 3188 947 3195 ι

204 3201 301 3276 Inque
314 3202 381 3258 tuos
393 3200 484 3275 ignes,
501 3199 573 3258 dure
586 3204 681 3276 poeta,
697 3201 775 3259 veni.

165 3298 210 3355 Tu
224 3317 283 3356 non
296 3298 479 3371 Antimacho,
494 3318 554 3356 non
566 3299 659 3357 tutior
671 3299 728 3358 ibis
740 3299 889 3360 Homero:
975 3303 1012 3356 45

198 3395 336 3476 Despicit
350 3400 381 3459 et
393 3417 514 3476 magnos
525 3401 607 3458 reeta
616 3398 717 3475 puella
729 3398 807 3458 deos.
