2168 3720
447 188 571 248 LIBER
591 189 645 247 IV.

155 353 205 406 23.
231 352 275 406 11.
290 347 406 424 suerint
418 347 456 419 N,
465 346 585 423 fueraut
597 348 630 406 H
643 346 742 422 vulgo.

156 453 206 506 23.
231 452 277 506 14.
301 446 370 504 berou
382 446 420 505 N.
436 465 508 505 oorr.
523 446 674 518 Heinsius,
691 445 751 504 alii.

157 553 206 607 23.
230 552 276 606 15.
287 548 351 605 du'ri
360 547 397 605 N.
405 547 481 605 dr'rti
489 546 550 605 eod.
557 547 630 621 Reg.
637 546 742 605 Heius.
763 546 923 605 cessavimus
931 546 969 603 N.

157 654 206 707 23.
231 648 276 707 17.
299 647 391 706 duleus
404 647 442 706 N.
458 666 531 705 oorr.
546 646 760 705 Broukhusius.

158 752 206 805 23.
232 751 278 805 18.
300 747 414 805 ducitur
437 746 475 818 N,
499 747 607 805 dieitur
632 745 838 803 Lachmanuus
859 763 875 803 e
899 744 971 802 Gro-

113 845 256 920 ningano.
299 845 358 904 Sed
378 845 491 903 ducitur
510 846 585 903 bene
606 864 636 902 se
656 845 765 902 habet:
788 842 825 901 <le
838 841 971 901 convivio

115 946 191 1003 haee
204 943 284 1002 dieta
296 947 379 1020 puts,
394 943 446 1002 ubi
460 962 535 1021 quae
549 947 649 1018 aperte
662 941 746 1018 loqui
766 961 825 1000 non
837 944 969 1017 possunt,

115 1042 289 1119 Properiius
309 1045 339 1101 et
352 1043 452 1118 puella
464 1042 497 1100 in
516 1042 635 1101 labellis
656 1040 788 1100 scribunt
808 1059 882 1117 quas
894 1038 973 1097 inter

116 1161 150 1200 se
176 1144 294 1199 mutant
320 1144 430 1200 eeteros
457 1141 594 1199 convivas
619 1140 775 1199 fallentes:
805 1138 875 1197 hine
897 1138 974 1196 illud

116 1239 200 1311 dolui,
217 1240 253 1298 ab
266 1239 353 1298 Italis
365 1239 397 1297 in
411 1240 477 1298 u'ou'e
490 1243 646 1298 mutatum.

161 1343 209 1398 23.
230 1341 278 1395 20.
301 1339 379 1396 dirue
394 1338 431 1409 N,
447 1339 532 1397 durus
546 1338 577 1396 H
588 1337 688 1412 vulgo.

160 1441 208 1495 23.
230 1442 277 1510 22,
300 1437 381 1513 eiquo
395 1437 433 1494 N.
450 1456 521 1494 eorr.
536 1435 705 1494 Beroaldus.

159 1540 208 1594 24.
230 1540 258 1594 2.
280 1537 346 1594 meir
360 1536 398 1607 N,
414 1535 456 1593 H.
497 1536 554 1595 tuis
567 1535 763 1593 Burmannus.

159 1639 208 1694 24.
232 1640 278 1694 10.
299 1635 403 1693 Fluere
417 1635 455 1694 N.

159 1740 208 1795 24.
233 1740 278 1794 12.
299 1735 381 1794 uerba
403 1734 443 1808 N,
466 1735 508 1793 H.
549 1754 614 1794 uera
637 1735 818 1794 Passeratius
840 1739 870 1794 et
893 1734 973 1793 Livi-

118 1833 214 1894 neius.
535 1838 581 1892 24.
606 1839 652 1892 19.
674 1835 701 1893 u'
712 1854 768 1912 quu
781 1836 828 1893 deo
841 1839 882 1892 eol
894 1833 933 1894 N.

160 1938 210 1994 24.
232 1938 279 1992 20.
301 1933 476 1992 Eueideruut
489 1933 527 2004 N,
543 1933 584 1992 H.

161 2037 209 2091 25.
232 2037 260 2091 5.
282 2038 378 2108 euplus
392 2032 430 2104 N,
453 2032 494 2092 H.
537 2037 632 2091 cautus
646 2032 690 2091 ed.
707 2031 823 2109 (1873.)
858 2029 975 2107 (‘proof

120 2131 272 2209 against.’)
302 2130 347 2189 Of.
359 2131 431 2190 Luo.
443 2131 545 2190 Phars.
558 2136 585 2189 4.
597 2136 654 2189 409
665 2154 672 2205 3
695 2135 798 2190 cautus
808 2132 844 2190 ab
854 2130 974 2188 incursu

119 2231 203 2290 belli.
256 2230 310 2289 Ov.
333 2231 417 2290 Rem.
444 2235 524 2289 689:
553 2231 636 2289 Neve
659 2231 824 2306 puellarum
847 2228 975 2288 lacrimis

121 2348 256 2388 moveare
270 2334 381 2389 oeveto.

162 2434 210 2488 25.
235 2430 262 2488 7.
284 2416 348 2489 uiui
362 2429 399 2486 N.
441 2429 529 2487 uiueit
542 2428 583 2486 H.
624 2429 722 2500 uiueet,
739 2427 799 2486 alii.

163 2533 210 2588 25.
234 2533 280 2586 13.
303 2529 398 2603 rapias
411 2527 450 2585 N.

450 2685 574 2745 LIBER
594 2686 648 2745 IV.

164 2830 192 2886 4.
216 2830 262 2885 11.
283 2845 365 2903 quum
374 2824 412 2896 N,
425 2845 480 2902 quu
492 2826 533 2897 H,
544 2825 644 2900 vulgo.
673 2825 782 2883 Sensus
790 2827 851 2884 est:
867 2823 978 2883 ‘Roma

124 2927 235 3002 quanta
249 2923 309 2983 est’
332 2924 442 2983 ‘Rome
456 2925 488 2982 in
502 2925 543 2982 all
555 2923 595 2982 its
608 2927 673 2982 vast
687 2922 812 2982 extent?

167 3029 192 3085 1.
214 3029 244 3084 4.
266 3023 427 3083 eoueubuuu
441 3024 478 3097 N,
495 3024 536 3084 H.
571 3023 740 3098 procubuere
753 3024 786 3081 P.

166 3128 192 3182 1.
216 3129 242 3182 9.
265 3124 337 3200 quod
350 3124 387 3182 N.
664 3129 690 3182 1.
712 3128 760 3181 21.
790 3123 887 3181 Vesuu
899 3124 937 3180 N.

166 3226 192 3282 1.
216 3226 262 3281 31.
277 3222 342 3298 feri
359 3241 412 3298 pro
431 3223 491 3280 uiui
508 3222 707 3298 reponendum
720 3221 846 3282 videtur.
888 3221 933 3279 cf.
950 3225 977 3278 2.

125 3326 153 3380 6.
170 3325 217 3393 24,
240 3321 291 3380 ubi
304 3321 369 3396 seui
382 3341 435 3397 pro
448 3322 508 3381 uiri
525 3320 558 3379 in
571 3322 601 3379 N
621 3321 764 3396 seriptum
784 3324 837 3380 est.
882 3320 981 3379 Soloui
