2168 3720
440 243 564 302 LIBER
584 245 647 303 III.
886 266 971 305 xxxv

155 407 184 460 9.
209 400 257 459 27.
279 399 399 477 effaetum
411 401 490 460 libri.
513 403 636 480 affectum
649 404 817 476 Beroaldus,
834 405 967 476 Guietus,

112 501 268 560 Heinsius.
685 509 712 563 9.
735 509 782 561 33.
804 505 878 563 victa
891 505 929 563 N.

155 606 184 658 9.
209 605 256 658 35.
279 599 343 658 051.
355 600 394 660 N.
404 602 435 658 et
447 599 570 660 fortasse
580 603 766 680 archetypus.
791 604 821 661 N
822 624 868 662 am
874 605 966 680 findo,

113 699 272 771 trochaice,
289 719 392 773 graves
406 699 584 776 suspiciones
598 706 706 761 movet.

157 802 185 854 9.
210 803 258 856 36.
282 799 442 858 Totolibri.
675 806 701 859 9.
725 802 771 860 37.
788 801 876 876 pulo
890 802 928 862 N.

157 901 187 954 9.
211 901 257 954 38.
279 916 382 972 sempor
415 898 453 956 N.
495 904 595 973 septam
627 899 659 957 H
689 900 789 974 vulgo.
845 899 969 959 Retinso

114 1016 230 1071 sennaar.
275 997 370 1056 “Non
390 1018 491 1058 canam
510 1001 622 1058 bellum
644 999 845 1075 Epigonorum
869 1004 970 1058 contra

116 1096 242 1166 Thebas,
258 1100 289 1155 et
298 1097 407 1172 praelia
417 1118 476 1156 non
490 1118 603 1174 semper
613 1100 694 1157 clade
707 1099 771 1174 pari
782 1104 818 1158 ut
830 1100 862 1156 in
874 1100 969 1174 priore

115 1194 225 1254 bello.'’
247 1195 312 1253 Hoc
328 1196 686 1273 ncePropertiiproprium
694 1198 904 1256 utnihilaliud
915 1202 968 1256 est.

158 1298 186 1350 9.
210 1297 256 1350 44.
278 1294 345 1352 doro
362 1293 439 1366 libri,
455 1299 574 1370 propter
592 1301 620 1352 2.
637 1301 684 1353 34.
701 1301 748 1354 44.
797 1297 873 1355 Dore
893 1297 969 1355 Scri-

115 1392 226 1464 verius,
242 1393 283 1451 H.
326 1395 377 1452 Oce
389 1395 558 1466 Beroaldus,
579 1399 657 1453 recte
677 1395 788 1471 opinor.
835 1395 885 1454 Coo
900 1402 968 1453 ante

109 1510 166 1565 poe
180 1490 291 1550 excidit
304 1492 376 1569 (nisi
388 1493 480 1551 mavis
493 1493 628 1559 Plateam
653 1493 689 1551 ci.
706 1499 734 1551 3.
752 1498 778 1551 l.
797 1493 839 1570 1).

158 1594 187 1646 9.
210 1594 258 1647 45.
280 1591 473 1669 5555550115),
489 1592 567 1650 libri.

159 1693 188 1745 9.
211 1693 258 1746 48.
271 1689 386 1765 fleprca's
395 1689 433 1747 N.
455 1691 632 1749 oromoducta
640 1690 678 1748 N.
698 1690 915 1765 Eurymedonta,
926 1690 967 1747 H.

158 1793 186 1849 9.
209 1793 257 1846 55.
273 1789 384 1863 pelusii
395 1789 433 1848 N.
581 1794 607 1846 9.
632 1794 678 1846 56.
700 1790 876 1865 Antoniiqus
889 1789 927 1847 N.

158 1892 186 1944 9.
210 1887 257 1945 57.
272 1888 368 1962 scotor
381 1888 419 1945 N.

160 1991 207 2044 10.
232 1990 258 2044 1.
279 1986 419 2045 misissent
432 1986 470 2059 N,
486 1987 526 2045 H.
558 1987 614 2045 Sed
627 1989 765 2046 misissent
778 2007 837 2045 non
850 1988 971 2063 praebet

118 2085 300 2143 commodum
320 2105 444 2158 sensum,
468 2090 499 2145 et
511 2087 608 2144 misere
628 2086 727 2145 statim
747 2085 880 2144 recurrit.
923 2085 970 2143 Vi-

117 2185 220 2242 ss'ssant
231 2184 381 2256 Heinsius,
398 2185 476 2261 quod
489 2185 562 2242 mihi
576 2205 693 2261 quoque
706 2185 818 2242 illuxit.

161 2287 208 2340 10.
232 2288 258 2340 6.
278 2284 367 2342 Ponet
380 2284 419 2342 N.
446 2287 541 2342 micae
551 2284 589 2344 N.
617 2289 661 2342 10.
685 2288 712 2342 8.
734 2283 824 2341 Niobe
837 2282 875 2354 N,
888 2283 929 2342 H.

162 2387 208 2440 10,
233 2382 278 2455 17,
304 2387 350 2443 18.
382 2404 437 2443 om.
471 2385 519 2442 N:
554 2385 741 2460 quamobrem
774 2382 837 2457 ipse
877 2382 968 2440 vides.

121 2487 168 2540 10.
185 2488 232 2540 25.
247 2503 298 2559 qua
311 2504 367 2542 om.
379 2484 417 2542 N.

162 2586 208 2640 11.
232 2588 259 2640 5.
288 2582 437 2642 Venturam
459 2582 537 2641 libri.
593 2581 672 2640 edidi
693 2583 802 2639 tactura
823 2581 970 2639 5555155-

118 2687 187 2741 tura
200 2683 336 2759 discipuli
349 2684 492 2760 amicique
505 2670 564 2742 mei
579 2684 610 2740 F.
632 2682 666 2740 T.
684 2681 863 2740 Lendrumii.
908 2683 970 2739 Ioc-

119 2787 186 2840 twra
205 2781 237 2838 15
251 2784 387 2841 iacturam
408 2785 543 2858 corrupto
564 2782 604 2858 (m
618 2781 696 2839 enim
710 2780 856 2856 sequitur)
878 2781 971 2838 scriba

119 2879 171 2936 illo
191 2886 335 2938 cocturam
355 2900 407 2939 nos
428 2881 542 2940 ditavit.
565 2885 677 2938 mortem
690 2880 736 2937 N:
760 2884 862 2937 coctam
885 2878 966 2950 Itali,

118 2978 331 3051 Lachmannus,
347 2980 388 3039 H.

162 3077 278 3138 11.17.
306 3078 437 3153 Omphale
450 3080 488 3151 N,
505 3080 545 3138 H.
587 3079 721 3137 Iordanis
742 3078 786 3135 ed.
829 3077 971 3152 Omphale

119 3175 182 3233 filia
196 3177 315 3234 Iardani
327 3177 396 3236 fuit.
439 3177 482 3236 cf.
498 3178 570 3236 Her.
588 3183 605 3234 9
621 3198 627 3234 :
652 3178 689 3235 Se
704 3195 820 3252 quoquc
841 3177 971 3253 nympha

118 3274 180 3332 tuis
197 3277 331 3336 oneravit
344 3279 477 3336 Iardanis
491 3278 587 3335 armis.
634 3275 764 3350 Omphale
785 3275 845 3334 luit
865 3276 969 3348 glossa,

120 3375 273 3440 Quantum
292 3364 370 3437 amet
387 3379 556 3455 Propertius
575 3378 699 3438 feminas
714 3376 851 3456 antiquas
866 3377 971 3453 πατρό-
