2168 3720
270 219 767 292 Psosuorrruu.1v,o.1o.
899 220 953 274 133

140 379 268 438 Puniceo
283 398 368 438 canas
382 378 506 437 stamine
519 377 620 437 vincta
633 395 746 435 comas:

103 481 223 539 “Parce
237 479 337 551 oculis,
353 479 466 555 hospes,
482 478 608 554 lucoque
622 476 742 535 abscede
755 475 900 534 verendo:

140 577 216 638 Cede
230 578 362 654 agedum,
379 580 409 636 et
425 579 492 636 tuta
504 576 606 635 limine
620 575 723 652 linque
735 574 817 650 fuga.

100 676 263 736 Interdicta
274 675 347 736 viris
359 675 519 735 metuenda
530 675 596 750 lege
614 674 723 750 piatur,
917 680 953 732 55

142 777 222 842 Quae
237 795 267 836 se
280 778 424 835 summota
437 774 569 834 vindicat
583 794 633 834 ara
646 794 721 833 oasa.

100 876 207 950 Magno
220 874 346 934 Tiresias
359 873 475 950 aspexit
488 874 611 932 Pallada
624 876 717 946 vates,

141 976 243 1034 Fortia
254 975 325 1033 dum
337 973 434 1050 posita
448 974 582 1049 Gorgone
595 974 726 1032 membra
738 973 841 1032 lavat(

101 1074 141 1133 Di
153 1074 209 1134 tibi
222 1074 294 1133 dent
306 1073 378 1132 alios
390 1072 506 1132 fontes:
528 1072 600 1131 haec
613 1072 736 1149 lympha
748 1072 856 1148 puellis

140 1174 217 1232 Avia
230 1173 334 1233 secreti
347 1172 452 1232 limitis
465 1191 525 1231 una
534 1171 636 1253 smil-'³
915 1177 953 1228 60

102 1273 150 1333 Sic
164 1293 256 1332 anus:
280 1274 333 1333 ille
346 1272 456 1332 umeris
468 1275 568 1349 postes
581 1271 726 1330 concussit
738 1289 849 1347 opacos,

141 1373 203 1432 Nec
217 1372 290 1433 tulit
302 1372 410 1432 iratam
422 1372 512 1430 ianua
524 1371 624 1430 clausa
637 1370 727 1429 sitim.

101 1471 144 1530 At
155 1474 312 1548 postquam
325 1472 471 1530 exhausto
483 1470 543 1529 iam
555 1469 678 1528 flumine
690 1468 802 1528 vicerat
815 1471 937 1541 aestum,

141 1571 229 1631 Ponit
240 1571 294 1630 vix
307 1571 392 1630 siccis
404 1570 504 1631 tristia
516 1569 583 1629 iura
594 1569 695 1628 labris.

102 1671 265 1746 “Angulus
274 1670 323 1730 hic
332 1670 435 1729 mundi
444 1690 524 1730 nunc
535 1689 582 1730 me
591 1669 728 1729 meafata
735 1669 902 1729 trahentem
916 1675 952 1727 65

30 1772 32 1776 ’
140 1768 274 1845 Accipit:
294 1770 366 1829 haec
377 1769 454 1829 tesso
466 1769 520 1830 vix
533 1769 607 1828 mihi
619 1772 699 1829 terra
710 1772 802 1845 patet.

78 1937 80 1940 ¹
102 1869 234 1927 Maxima
247 1888 322 1946 quae
336 1869 473 1944 gregibus
486 1869 592 1928 devota
605 1871 651 1928 est
663 1888 713 1928 ara
726 1868 858 1944 repertis,

140 1967 202 2025 Ara
213 1986 266 2044 per
277 1967 362 2040 has,''
376 1967 484 2045 iuquit,
508 1973 528 2002 ‘⁴
537 1968 670 2027 Maxima
681 1967 761 2026 facta
772 1986 884 2039 manus,

102 2065 184 2125 Haec
196 2065 289 2124 nullis
301 2085 441 2143 umquam
453 2069 555 2144 pateat
566 2068 733 2148 veneranda
745 2068 862 2144 puellis,

140 2163 280 2223 Herculis
292 2165 396 2223 eximii
408 2184 446 2224 ne
460 2165 499 2225 sit
510 2164 609 2224 inulta
621 2165 715 2226 sitie.’'
913 2168 950 2224 70

103 2262 209 2322 Sancte
221 2266 313 2339 puter,
328 2265 417 2336 salve,
432 2263 481 2323 oui
493 2263 553 2323 iam
565 2263 649 2323 favet
661 2278 763 2340 aspera
775 2264 869 2322 Iuno:

142 2363 258 2440 Sancte,
272 2363 347 2423 velis
359 2363 436 2424 libro
449 2364 554 2422 dexter
566 2362 661 2424 inesse
674 2381 747 2421 meo.

102 2461 201 2534 Hunc,
217 2461 355 2539 quoniam
367 2462 502 2522 manibus
514 2465 674 2540 purgatum
692 2466 830 2523 sanxerat
842 2465 949 2537 orbem,

142 2560 199 2650 Sip
205 2561 346 2644 Sanctum
359 2562 461 2622 Tatiae
474 2580 660 2638 composuere
673 2560 773 2627 Cures.

511 2758 542 2798 1.

103 2860 191 2918 Nunc
203 2859 284 2919 Iovis
296 2858 436 2936 incipiam
449 2878 550 2919 musas
563 2860 676 2936 aperire
689 2860 813 2933 Feretri,

143 2960 290 3035 musaque
303 2958 340 3018 de
353 2957 476 3018 ducibus
488 2959 568 3018 trina
580 2962 698 3035 recepta
710 2959 814 3019 tribus.

105 3057 247 3132 Magnum
260 3058 318 3117 iter
330 3058 463 3131 ascendo,
480 3059 530 3117 sed
543 3059 594 3117 dat
607 3058 680 3116 mihi
694 3058 786 3133 gloria
798 3061 875 3119 vires
888 3081 894 3118 ε

143 3156 211 3215 Non
223 3156 307 3216 iuvat
320 3177 336 3216 e
349 3156 432 3216 facili
444 3157 522 3216 lecta
534 3176 639 3216 corona
651 3157 729 3232 iugo.

105 3255 219 3314 Imbuis
232 3257 401 3332 exemplum
414 3256 524 3333 primae
536 3259 581 3329 tu,
597 3256 730 3329 Romule,
745 3257 859 3333 palmae
937 3265 953 3316 5

144 3352 252 3428 Huius,
268 3358 300 3415 et
312 3355 429 3416 exuvist
440 3357 545 3434 plenus
558 3357 594 3415 ab
607 3357 690 3416 hoste
703 3357 793 3428 redis,
820 3358 821 3361 ’
