2168 3720
297 216 514 277 PROPERTII
535 217 594 274 ΕΒ.
617 217 661 287 ΙΙ,
686 221 712 274 3.
736 221 763 273 4.
919 220 953 273 31

106 370 156 440 ‘sic
169 379 262 457 primo
272 377 393 436 iuvenes
406 375 555 451 trepidant
568 374 600 432 in
613 393 708 432 amore
721 373 839 445 feroces,

147 478 260 538 Dehine
270 475 373 535 domiti
383 477 449 550 post
458 475 529 532 haee
539 493 632 550 aequa
640 477 670 532 et
678 472 780 549 iniqua
789 472 898 531 ierunt.
921 478 958 529 50

112 579 217 656 'impia
229 596 383 654 perpessus
396 578 478 633 vates
491 577 536 632 est
548 573 645 632 vinela
658 573 831 648 Melampus,

151 676 292 751 cognitus
304 673 414 751 Iphicli
429 671 606 748 subripuisse
619 673 725 743 boves3

113 775 204 841 Quem
215 794 275 833 non
287 775 379 844 luera,
395 772 487 846 magis
500 772 573 829 Pero
586 771 713 829 formosa
726 770 830 845 coegit,

146 876 219 934 Mox
232 872 430 951 Amythaonia
443 875 538 947 nupta
550 870 652 929 futura
665 870 759 929 domo.

516 1068 558 1107 Π.

112 1174 209 1233 Multa
220 1172 303 1248 prius
316 1170 448 1229 dominae
462 1169 569 1228 delicta
582 1167 711 1246 queraris
725 1171 848 1244 oportet,

151 1272 243 1348 Saepe
256 1290 340 1345 roges
353 1269 474 1347 aliquid,
491 1287 575 1344 saepe
588 1267 723 1343 repulsus
737 1285 793 1338 eas,

113 1371 152 1430 Et
165 1390 249 1447 saepe
262 1368 413 1428 inmen'tos
427 1386 594 1442 corrumpas
607 1366 745 1424 dentibus
758 1384 880 1440 ungues,

152 1469 193 1526 Et
205 1467 350 1544 crepitum
363 1465 451 1526 dubio
466 1466 587 1525 suscitet
600 1465 644 1524 ira
656 1466 738 1541 pede.

64 1555 66 1558 ¹
113 1568 300 1645 Nequiquam
314 1566 432 1644 pertusa
445 1567 517 1625 meis
530 1569 682 1641 unguenta
695 1565 816 1642 capillis,
943 1571 960 1622 5

152 1668 221 1726 Ibat
235 1669 265 1727 et
278 1685 405 1742 expenso
419 1666 521 1741 planta
533 1669 643 1725 morata
657 1665 757 1739 gradu.

114 1764 143 1823 N
144 1784 181 1823 on
193 1764 242 1822 hie
254 1764 345 1823 herba
358 1764 445 1835 valet,
461 1782 520 1821 non
533 1763 581 1821 hie
594 1767 736 1823 nocturna
750 1763 874 1840 Cytaeis,

153 1863 221 1921 Non
233 1863 419 1922 Perimedeae
433 1861 564 1937 gramina
577 1865 658 1920 eoeta
670 1881 782 1920 manus.

116 1960 230 2036 Quippe
242 1960 295 2019 ubi
307 1980 361 2020 nee
375 1979 474 2019 causas
487 1979 541 2018 nea
555 1964 669 2036 apertos
682 1959 825 2018 cernimus
838 1959 922 2029 ictus,

154 2059 240 2118 Unde
253 2063 352 2118 tamen
365 2058 487 2118 veniant
499 2062 545 2119 tot
558 2059 634 2116 maia
648 2076 731 2116 eaeaa
743 2057 792 2115 via
805 2061 857 2115 est.
929 2061 963 2114 10

116 2156 183 2215 Non
196 2162 263 2231 eget
275 2157 324 2215 hie
337 2157 464 2230 medicis,
480 2177 539 2216 non
552 2157 636 2216 lestis
649 2155 786 2215 mollibus
800 2174 893 2229 aeger,

156 2255 237 2313 Huie
249 2255 366 2314 nullum
379 2255 452 2314 caeli
464 2259 580 2332 tempus
594 2259 625 2314 et
638 2274 709 2313 aura
721 2257 823 2311 nocet:

118 2354 267 2426 Ambulat,
284 2356 315 2413 et
327 2354 423 2416 subito
436 2354 580 2413 mirantur
591 2352 682 2412 funus
695 2350 779 2410 amici
791 2373 798 2410 :

159 2453 207 2512 sie
221 2453 437 2524 astinenum,
454 2452 598 2530 quidquid
607 2453 732 2512 habetur
745 2470 833 2511 amor.
883 2476 885 2479 ·

118 2550 195 2609 Nam
209 2551 256 2610 eui
268 2570 328 2609 non
341 2570 394 2626 ego
409 2571 472 2610 sum
485 2549 584 2609 {silaei
596 2549 724 2626 praemia
736 2549 821 2609 vati?
929 2554 963 2606 15

160 2649 240 2713 Quae
253 2667 317 2707 mea
329 2668 389 2706 non
401 2649 496 2707 decies
509 2649 619 2706 somnia
632 2652 729 2708 versat
742 2648 839 2707 anus?

120 2746 223 2809 Hostis
236 2749 261 2808 si
274 2748 340 2826 quis
353 2749 408 2807 erit
420 2749 512 2821 nobis,
528 2752 605 2808 amet
617 2749 668 2806 ille
680 2748 811 2824 puellas:

161 2847 293 2908 Gaudeat
304 2848 336 2905 in
349 2867 448 2923 puero,
464 2847 489 2905 si
503 2847 569 2925 quis
583 2846 691 2906 amicus
705 2847 770 2906 erit.

121 2945 292 3022 Tranquiiio
304 2950 371 3005 tuta
384 2946 532 3006 descendis
546 2945 666 3004 flumine
680 2947 800 3016 cymba:

163 3045 240 3109 Quid
253 3045 307 3105 tibi
320 3049 382 3104 tam
394 3044 477 3120 parvi
490 3042 585 3102 litoris
598 3044 677 3102 unda
689 3042 799 3102 nocet?
931 3046 967 3098 20

123 3143 208 3202 Alter
222 3163 306 3220 saepe
319 3163 377 3202 uno
391 3146 487 3205 mutat
499 3126 665 3219 praecordia
678 3142 775 3214 verbo,

163 3241 266 3303 Altera
278 3242 330 3301 vix
343 3240 405 3318 ipso
419 3241 559 3317 sanguine
572 3239 667 3298 mollis
680 3238 744 3298 erit.
