2168 3720
315 224 534 283 PROPERTII
555 225 614 282 EL.
637 224 690 296 IV,
714 229 741 282 4.
904 226 958 282 117

104 381 183 446 Quid
196 385 261 440 turn
276 382 368 441 Roma
381 383 449 453 fuit,
466 384 586 441 tubicen
600 382 697 440 vicina
711 382 827 441 Curetis

143 481 217 539 Cum
230 485 367 557 quateret
380 482 462 539 lento
475 501 625 539 murmure
640 501 711 540 saxa
724 481 827 540 Iovis?
923 485 958 538 10

103 580 204 656 Atque
218 579 271 638 nbi
284 599 363 638 nunc
378 581 464 638 terris
477 581 618 638 dicuntur
631 581 696 638 iura
711 581 847 652 subactis,

142 679 267 738 Stabant
280 679 412 736 Romano
425 679 487 755 pila
501 679 608 738 Sabina
621 679 698 738 foro.

103 777 209 835 Murus
223 779 306 836 erant
320 781 453 836 montes:
475 778 528 836 ubi
540 798 620 836 nunc
634 782 679 837 111
693 778 774 837 curia
788 783 897 854 saepta,

144 874 274 934 Bellicus
288 895 326 934 ex
340 876 392 934 illo
406 876 488 935 fonte
501 877 621 935 bibebat
635 897 737 953 equus.

105 974 187 1031 Hinc
201 973 325 1050 Tarpeia
338 975 409 1033 deae
422 974 535 1033 fontem
548 962 670 1034 libavit:
693 980 724 1034 11
737 976 781 1033 111
925 982 958 1034 15

144 1073 276 1147 Urgebat
289 1072 417 1131 medium
431 1072 531 1131 fictilis
544 1094 620 1131 urna
633 1078 729 1150 caput.

106 1172 147 1230 Et
161 1171 232 1229 satis
244 1191 305 1229 una
318 1172 412 1230 malae
425 1172 524 1247 potuit
537 1193 614 1231 mors
628 1193 689 1231 esse
703 1174 830 1249 puellae,

148 1271 230 1335 Quae
244 1271 339 1330 voluit
352 1270 483 1329 flammas
496 1271 609 1343 fallere,
625 1272 724 1343 Vesta,
741 1272 830 1331 tuas?

103 1370 188 1429 Vidit
200 1369 350 1428 harenosis
364 1369 483 1428 Tatium
497 1371 652 1445 proludere
666 1371 788 1447 campis,

147 1470 289 1546 Pictaque
302 1488 355 1545 per
368 1469 459 1528 111111
473 1489 553 1528 arma
566 1470 665 1529 levare
677 1469 772 1530 iubas.
924 1477 962 1529 20

109 1568 271 1643 Obstupuit
284 1569 361 1642 regis
374 1568 450 1626 facie
465 1572 495 1627 et
509 1569 657 1643 regalibus
670 1569 766 1641 armis,

149 1668 293 1742 Interque
309 1667 416 1726 oblitas
430 1668 542 1727 excidit
554 1688 630 1726 urna
642 1689 754 1728 manus.

110 1766 202 1842 Saepe
215 1766 269 1824 illa
281 1766 445 1825 immeritae
459 1772 578 1826 causata
592 1772 637 1827 est
650 1768 747 1827 omina
760 1769 856 1840 lunae,

151 1866 191 1924 Et
205 1865 261 1923 sibi
273 1865 451 1940 tinguendas
464 1867 542 1926 dixit
554 1866 587 1925 in
600 1887 685 1926 amne
699 1887 810 1926 comas:

113 1965 206 2040 Saepe
219 1964 292 2023 tulit
305 1965 419 2023 blandis
434 1970 572 2039 argentea
585 1966 649 2025 lilia
662 1967 817 2045 Nymphis,
926 1972 963 2024 25

151 2064 278 2122 Romula
290 2083 329 2122 ne
342 2064 448 2123 faciem
461 2065 591 2123 laederet
603 2066 689 2123 hasta
702 2066 777 2124 Tati.

110 2163 248 2239 Dumque
263 2163 343 2222 subit
355 2160 450 2239 primo
464 2164 609 2241 Capitolia
621 2164 725 2222 nubila
737 2165 828 2236 fumo,

153 2261 285 2320 Rettulit
296 2261 419 2320 hirsutis
432 2263 552 2321 brachia
566 2266 644 2321 secta
657 2262 747 2333 rubis,

114 2361 155 2419 Et
168 2380 221 2418 sna
234 2360 358 2437 Tarpeia
369 2361 500 2421 residens
512 2363 556 2420 ita
568 2362 653 2420 flevit
666 2363 703 2419 ab
717 2380 782 2420 arce

153 2460 293 2531 Vulnera,
308 2460 404 2519 vicino
418 2479 476 2518 non
490 2461 629 2536 patienda
644 2460 719 2518 Iovi.
928 2466 964 2518 30

117 2560 237 2633 “Ignes
250 2563 410 2617 castrorum
424 2563 455 2618 et
468 2559 569 2618 Tatiae
582 2559 728 2634 praetoria
739 2562 853 2617 turmae

155 2658 195 2716 Et
208 2657 333 2726 formosa
346 2658 438 2717 oculis
452 2678 532 2717 arma
546 2658 653 2717 Sabina
666 2658 747 2730 meis,

117 2755 142 2813 0
156 2755 271 2814 utinam
285 2755 322 2814 ad
334 2759 446 2815 vestros
459 2758 573 2816 sedeam
587 2757 703 2832 captiva
715 2758 848 2827 Penates,

157 2854 237 2912 Dum
250 2854 366 2931 captiva
378 2855 437 2914 mei
450 2856 661 2932 conspicerere
674 2855 750 2914 Tati.

118 2953 244 3012 Romani
256 2957 370 3014 montes
383 2959 414 3014 et
426 2956 575 3016 montibus
589 2956 689 3014 addita
702 2954 795 3012 Roma
929 2957 967 3009 35

157 3053 199 3111 Et
211 3052 309 3112 111111
321 3055 426 3129 probro
439 3055 531 3114 Vesta
547 3054 684 3132 pudenda
697 3072 770 3112 meo.

120 3152 179 3211 Ille
191 3171 294 3229 equus,
309 3153 361 3212 1111
375 3174 453 3213 meos
466 3154 498 3212 in
512 3158 606 3213 castra
618 3154 742 3228 reponet
754 3169 873 3221 amores,

160 3249 215 3309 Oui
229 3251 332 3310 Tatius
345 3251 464 3314 dextras
477 3253 601 3310 collocat
614 3251 676 3327 ipse
689 3249 783 3308 iubas.

120 3347 200 3413 Quid
212 3350 319 3410 mirum
332 3350 364 3408 in
376 3351 486 3427 patrios
500 3351 630 3429 Scyllam
644 3348 767 3408 saevisse
781 3346 913 3423 capillos,
