2168 3720
326 182 701 255 110111101111,
727 188 753 240 1.
912 187 963 240 111

112 346 259 422 Nauplius
271 345 382 403 ultores
396 344 451 401 sub
464 344 580 400 noctem
592 340 717 417 porrigit
729 340 821 415 ignes,
912 345 967 398 115

151 446 191 503 Et
204 446 288 502 natat
301 441 417 501 exuviis
430 441 552 501 Graecia
564 460 663 516 pressa
677 440 746 498 suis.

111 543 214 602 Victor
228 541 350 613 Oiliade,
365 559 435 616 rape
449 557 527 598 nunc
542 542 572 598 et
585 539 675 614 dilige
688 544 794 613 vatem,

153 643 248 709 Quam
260 645 343 701 vetat
356 641 445 700 avelli
458 643 540 700 veste
553 639 688 698 Minerva
701 660 763 698 sua.

112 742 266 800 Hactenus
278 739 416 800 historiae
428 762 435 798 :
458 759 537 798 nunc
551 740 588 798 ad
600 744 654 799 tua
666 740 793 800 devebar
806 744 884 799 astra
896 762 903 798 z

154 840 256 917 Incipe
269 842 304 898 tu
317 839 445 898 lacrimis
459 858 569 916 aequus
584 820 681 898 adesse
695 840 787 899 novis.
915 846 969 898 120

113 938 236 998 Umbria
248 941 278 996 10
291 938 369 996 notis
383 937 506 1014 antiqua
519 938 678 996 Penatibus
692 938 761 996 edit.

153 1035 307 1095 Mentior?
328 1056 366 1094 an
378 1036 490 1113 patriae
503 1037 637 1111 tangitur
651 1057 700 1094 ora
712 1041 790 1109 tuae,

115 1136 181 1201 Qua
193 1135 334 1193 nebulosa
348 1153 418 1193 cavo
431 1136 511 1193 rorat
524 1135 661 1194 Mevania
674 1155 783 1212 campo,

156 1235 197 1293 Et
209 1234 292 1292 lacus
306 1233 426 1292 aestivis
439 1233 553 1310 intepet
566 1236 676 1294 Umber
690 1236 783 1312 aquis,

115 1333 347 1410 Scandentisque
360 1334 429 1392 Asis
444 1335 594 1409 consurgit
609 1335 717 1398 vertice
730 1355 842 1406 murus,
915 1339 969 1392 125

155 1433 261 1491 Murus
275 1434 311 1492 ab
325 1433 443 1508 ingenio
457 1434 555 1492 notior
567 1434 619 1492 ille
632 1435 708 1493 tuc?

116 1531 247 1608 Ossaque
260 1531 360 1606 legisti
372 1552 432 1590 11011
444 1532 498 1590 illa
511 1535 609 1591 aetate
621 1533 746 1607 legenda

156 1630 261 1703 Patris,
278 1630 350 1688 etin
365 1633 471 1689 tenues
485 1631 596 1706 cogeris
609 1631 672 1708 ipse
685 1633 791 1691 Lares:

116 1730 146 1787 N
147 1750 193 1787 am
206 1734 259 1788 tua
272 1749 339 1787 cum
352 1730 441 1788 multi
454 1736 607 1789 versarent
619 1752 689 1790 rura
701 1733 827 1806 iuvenci,

156 1831 291 1890 Abstulit
304 1830 439 1889 excultas
452 1832 565 1906 pertica
578 1832 672 1891 tristis
687 1852 764 1909 opes.
915 1838 970 1891 130

118 1930 190 1986 Mox
202 1929 254 1987 ubi
268 1928 350 1987 bulla
362 1928 430 1987 rudi
444 1929 564 1987 dimissa
578 1934 623 1989 est
637 1951 724 1989 aurea
738 1932 821 2004 collo,

157 2027 262 2087 Matris
276 2032 388 2087 etanta
402 2028 470 2088 deos
484 2028 578 2087 libera
591 2033 708 2105 sumpta
720 2033 797 2103 toga,

119 2129 195 2188 Tum
209 2126 264 2185 tibi
271 2146 365 2202 pauca
378 2147 430 2184 suc
445 2127 481 2186 de
497 2127 624 2185 carmine
638 2127 730 2186 dictat
742 2129 859 2203 Apollo,

160 2227 199 2285 Et
212 2230 294 2284 vetat
307 2225 411 2284 insano
425 2226 515 2285 verba
528 2229 630 2284 tonare
643 2226 716 2283 loro.

120 2326 163 2383 At
176 2330 211 2382 tu
224 2324 303 2398 finge
317 2324 423 2399 elegos,
438 2324 534 2382 fallax
548 2343 631 2399 opus,
646 2324 718 2382 haec
733 2327 787 2382 tua
799 2329 901 2398 castra,
918 2330 971 2383 135

162 2423 276 2482 Scribat
288 2427 324 2482 ut
337 2425 471 2499 exemplo
487 2426 584 2482 cetera
596 2425 684 2482 turba
697 2427 758 2481 tuo.

122 2522 263 2579 Militiam
276 2520 400 2580 Veneris
412 2521 529 2580 blandis
542 2520 654 2597 patiere
668 2523 721 2580 sub
735 2521 830 2595 armis,

162 2622 202 2680 Et
214 2621 338 2679 Veneris
350 2621 449 2697 pueris
463 2621 547 2680 utilis
562 2621 654 2680 bostis
671 2622 737 2703 eris.

123 2720 199 2778 Nam
212 2719 269 2777 tibi
282 2719 418 2779 victrices
432 2739 633 2797 quascumque
646 2720 745 2780 labore
757 2721 872 2798 parasti

163 2818 271 2875 Eludct
283 2819 394 2894 palmas
407 2836 467 2876 una
479 2818 580 2894 puella
593 2822 678 2877 tuas:
918 2824 973 2878 140

124 2917 164 2974 Et
177 2916 252 2974 bene
267 2935 328 2974 cam
342 2917 436 2973 fixum
449 2920 549 2974 mento
565 2916 734 2975 discusseris
748 2937 866 2989 uncum,

162 3015 216 3073 Nil
230 3015 287 3074 erit
299 3016 374 3073 hcc:
396 3018 491 3073 rostro
505 3018 536 3074 te
549 3019 659 3091 premet
673 3036 741 3074 ansa
754 3036 815 3073 auc.

123 3114 212 3173 Illius
226 3112 346 3172 arbitrio
359 3117 475 3172 noctem
487 3113 641 3191 lucemque
655 3114 776 3185 videbis,

163 3214 257 3272 Gutta
271 3231 388 3290 quoque
402 3233 441 3272 ex
454 3213 547 3272 oculis
560 3233 616 3271 noa
629 3212 687 3271 nisi
700 3213 779 3271 iussa
794 3214 886 3274 cadet.

123 3311 186 3371 Nec
199 3311 281 3370 mille
295 3311 437 3370 excubiae
451 3331 504 3370 ncc
517 3316 547 3370 tc
562 3311 676 3386 signata
689 3311 835 3372 iuvabunt
920 3319 973 3372 145
