2168 3720
315 228 534 291 PROPERTII
555 228 615 286 EL.
637 227 700 299 III,
726 231 753 284 9.
924 230 960 281 85

150 392 190 450 Et
202 409 334 467 pressum
346 388 456 447 inflexo
469 405 539 445 mox
552 387 620 444 dare
633 390 718 459 terga
731 402 818 458 genu.

111 490 216 551 Omnia
228 509 288 548 non
300 488 410 566 pariter
422 507 521 546 rerum
535 489 604 545 sunt
619 485 753 543 omnibus
767 488 844 560 apta,

150 591 241 649 Fama
253 608 307 647 nec
321 607 360 646 ex
373 605 465 664 aequo
479 584 598 643 ducitur
610 585 674 642 ulla
686 585 767 642 ciria.

111 688 212 748 Gloria
225 686 353 764 Lysippo
367 688 412 744 est
426 684 555 744 animosa
568 685 703 757 effingere
717 682 809 759 signa,

152 785 273 844 Exactis
283 781 647 863 palamiasemihiiactat
660 781 753 858 equis,
930 786 965 837 10

112 887 152 944 In
165 884 288 944 Veneris
300 870 558 944 tnbnssssummam
572 881 627 939 sibi
641 879 734 957 poscit
747 878 876 956 Apelles,

153 975 325 1044 Parrhasius
337 1004 429 1061 parva
441 982 573 1043 vindicat
587 986 649 1041 erte
661 983 768 1053 locum,

112 1085 297 1159 Argumenta
310 1082 402 1158 magis
416 1085 485 1141 sunt
498 1081 641 1140 Mentoris
655 1081 751 1139 abdita
763 1079 850 1150 foma,

154 1184 196 1240 At
208 1182 293 1258 Myos
305 1182 445 1257 exiguum
457 1181 552 1240 flectit
563 1181 706 1239 acanthus
719 1180 785 1251 iter,

115 1281 272 1341 Phidiacus
285 1281 367 1357 signo
381 1300 412 1339 se
425 1279 562 1356 Iuppiter
575 1282 660 1338 omat
674 1280 792 1350 eburno,
933 1281 967 1332 15

155 1380 327 1439 Praxitelen
339 1378 456 1456 propria
468 1378 599 1438 vindicat
611 1378 684 1437 urbe
696 1377 780 1453 lapis.

116 1480 171 1538 Est
184 1477 292 1555 quibus
305 1477 393 1536 Eleae
407 1476 554 1536 concurrit
566 1476 664 1552 palma
677 1475 844 1553 quadrigae,

156 1577 211 1636 Est
225 1575 331 1653 quibua
343 1576 376 1634 in
390 1576 497 1635 celeres
511 1575 604 1651 gloria
616 1578 686 1634 nata
697 1576 795 1652 pedes.

116 1676 176 1733 Hic
190 1677 270 1733 satus
284 1675 320 1733 ad
332 1694 441 1750 pacem,
457 1674 506 1733 hic
519 1674 714 1734 castrensibus
726 1673 812 1758 utilis
825 1673 922 1733 armis.

157 1773 288 1832 Naturae
302 1773 449 1850 sequimur
462 1773 571 1832 semina
584 1775 710 1851 quiaque
723 1792 802 1832 suae.
932 1776 969 1828 20

117 1874 160 1932 At
173 1878 234 1946 tua,
250 1874 412 1946 Maecenas,
428 1873 507 1933 vitoe
520 1878 675 1951 praccepta
687 1873 793 1950 recepi,

159 1971 252 2046 (logor
265 1975 296 2031 et
308 1972 451 2048 exemplis
463 1975 494 2031 te
507 1992 643 2048 superare
656 1973 726 2031 tuis.

120 2071 194 2129 (lum
206 2070 263 2130 tibi
276 2071 406 2129 Romano
420 2071 549 2130 dominas
562 2072 595 2130 in
607 2072 716 2130 honore
730 2089 844 2129 secures

159 2171 200 2228 Et
212 2169 300 2228 liceat
312 2169 407 2229 madio
419 2190 527 2247 ponere
539 2171 606 2229 iura
617 2170 689 2242 foro,

120 2268 177 2326 Vel
190 2267 246 2327 tibi
258 2269 412 2327 Medorum
424 2289 570 2345 pugnaces
583 2268 625 2326 ire
638 2288 692 2343 per
703 2268 810 2339 hostes,
934 2270 971 2323 25

160 2367 261 2444 Atque
274 2386 393 2426 onerare
406 2370 490 2427 tuam
502 2369 564 2426 fixa
576 2387 630 2443 per
642 2386 722 2425 arma
735 2367 860 2439 domum,

121 2466 162 2524 Et
174 2465 230 2524 tibi
243 2465 280 2523 ad
292 2465 432 2525 affectum
444 2466 521 2526 vires
534 2466 584 2524 det
598 2466 710 2537 Caesar,
726 2467 756 2524 et
769 2464 848 2523 omni

65 2592 70 2602 ·
161 2565 302 2640 Tempore
315 2568 376 2623 tam
388 2565 489 2624 faciles
502 2564 690 2623 insinuentur
703 2584 780 2641 opes,

122 2664 229 2738 Parcis,
246 2667 277 2723 et
289 2665 321 2723 in
334 2669 438 2724 tenues
451 2665 593 2724 humilem
605 2669 636 2724 te
650 2665 764 2739 colligis
777 2665 903 2737 umbras,

162 2763 303 2824 Velorum
316 2765 418 2841 plenos
431 2765 579 2824 subtrahis
590 2764 653 2839 ipse
666 2764 757 2822 sinus.
938 2770 975 2821 30

124 2867 215 2927 Crede
228 2864 311 2937 mihi,
326 2882 446 2939 magnos
460 2865 628 2940 aequabunt
640 2862 699 2921 ista
712 2861 849 2921 Camillos

164 2964 288 3037 Iudicia,
304 2967 335 3023 et
347 2962 447 3023 venies
459 2965 495 3021 tu
508 2981 624 3039 quoque
637 2961 670 3019 in
683 2981 733 3019 ora
745 2961 851 3033 virum,

125 3063 255 3124 Caesaris
269 3067 300 3123 et
311 3062 406 3121 famae
418 3060 544 3135 vestigia
555 3060 657 3119 iuncta
668 3058 799 3118 tenebis:

165 3162 326 3222 Macenatis
340 3165 427 3221 erunt
439 3180 510 3220 vera
521 3163 639 3237 tropaea
651 3160 733 3218 fides.

125 3263 193 3322 Non
205 3281 251 3339 epo
264 3261 379 3337 velifera
393 3260 528 3319 tumidum
540 3259 701 3336 maroflado
714 3258 832 3316 carica.-
941 3261 977 3313 35

167 3361 243 3422 Tuta
256 3362 312 3420 sub
325 3360 431 3438 exiguo
444 3358 567 3419 flumina
579 3362 681 3418 nostra
693 3376 776 3418 mora
786 3360 845 3417 est.
