2168 3720
323 177 553 270 'reoruarrr
572 211 632 271 ns.
654 212 717 287 111,
741 215 768 273 r.
937 223 971 289 ⁸1

525 446 580 486 vn.

123 556 201 631 Ergo
215 555 358 617 sollicitae
371 561 407 616 tu
420 576 515 630 causa,
530 559 664 634 pecunia,
679 560 775 621 vitae!

162 655 219 714 Per
231 659 263 715 te
275 656 465 715 immatsnum
477 656 579 715 mortis
593 658 706 718 adimus
718 659 786 719 iter.

122 754 169 812 Tu
182 754 264 814 vitiis
276 755 428 813 hominum
441 755 571 814 crudelia
582 758 692 833 pabula
704 761 842 835 praebes:

164 854 282 915 Semina
294 873 429 914 curarum
442 854 478 914 de
491 855 587 931 capite
600 860 665 915 orta
677 860 738 917 tuo.

122 952 168 1011 Tu
181 952 305 1012 Paetum
318 954 355 1012 ad
367 952 489 1012 Pharios
501 954 671 1014 tendentem
683 955 777 1016 lintea
789 961 892 1033 portus
952 967 969 1019 5

161 1052 267 1112 Obruis
279 1052 382 1111 insano
395 1056 499 1128 terque
513 1054 676 1128 quaterque
688 1053 773 1112 mari.

120 1151 150 1208 N
151 1170 198 1209 am
206 1151 276 1209 dum
288 1154 319 1210 te
332 1149 475 1228 sequitur,
490 1149 583 1226 primo
597 1150 684 1209 misor
697 1151 809 1213 excidit
822 1172 903 1228 aevo,
975 1204 978 1211 ,

160 1251 200 1309 Et
211 1269 287 1309 nova
299 1249 470 1326 longinquis
482 1248 611 1325 piscibus
624 1268 689 1308 esca
702 1253 804 1309 natat:

120 1350 161 1408 ut
173 1353 266 1408 mater
278 1368 338 1407 non
349 1348 428 1407 iusta
440 1347 506 1424 piae
518 1349 587 1407 darc
600 1349 700 1408 debita
711 1354 816 1424 torrae,

158 1448 222 1508 Nee
233 1452 302 1525 pote
315 1452 453 1523 cognatos
464 1447 544 1507 inter
555 1448 677 1507 humare
690 1467 783 1524 rogos,
933 1457 967 1511 10

120 1544 178 1605 Sed
190 1549 243 1606 tua
255 1566 334 1606 nunc
347 1547 480 1606 volueres
492 1549 590 1606 astant
604 1566 690 1623 super
703 1565 768 1606 ossa
779 1547 918 1624 marinae,

159 1644 246 1704 Nunc
258 1645 314 1705 tibi
327 1664 380 1721 pro
392 1645 508 1705 tumulo
519 1646 708 1722 Carpathium
721 1667 806 1707 omne
819 1668 898 1709 marc
912 1653 965 1708 est.

118 1743 232 1802 Infelix
244 1744 363 1822 Aquilo,
378 1748 478 1820 raptae
491 1744 580 1803 timor
592 1745 753 1823 Orithyiae,

159 1841 241 1907 Quae
255 1843 346 1919 spolia
359 1862 397 1903 ox
409 1843 462 1901 illo
475 1846 559 1902 tanta
571 1843 654 1903 fuere
667 1844 748 1904 tibi?

117 1942 181 2000 aut
194 1942 334 2019 quidnam
346 1941 440 2000 hacta
453 1942 570 2017 gaudes,
586 1942 735 2019 Neptune,
751 1943 873 2004 carina?
930 1952 964 2003 15

157 2040 296 2100 Portabat
309 2043 422 2099 sanctos
435 2041 536 2099 alveus
548 2040 600 2100 ille
613 2041 700 2100 viros.

117 2137 216 2210 Paete,
231 2139 303 2216 quid
316 2142 442 2198 aetatem
454 2137 611 2197 numeras?
632 2138 705 2216 quid
717 2158 784 2198 cara
796 2141 913 2201 natanti

156 2237 252 2297 Mater
264 2238 296 2298 in
309 2257 358 2297 ore
370 2237 426 2297 tibi
440 2237 508 2297 est?
527 2256 587 2296 non
599 2238 689 2297 habet
701 2238 781 2296 unda
794 2239 870 2299 deos.

117 2335 193 2396 Nam
206 2336 262 2396 tibi
274 2336 424 2396 nocturnis
437 2337 475 2396 ad
484 2355 556 2395 saxa
567 2335 660 2410 ligata
672 2336 809 2412 procellis

156 2435 261 2496 Omnia
273 2435 380 2496 detrito
393 2435 511 2494 vinculo
523 2434 596 2494 fune
609 2435 727 2494 cadunt.
926 2442 963 2495 20

116 2535 193 2594 Sunt
206 2534 449 2611 Agamemnonias
462 2534 601 2594 testantia
613 2534 702 2593 litora
715 2554 807 2608 curas,

156 2635 234 2698 Quae
246 2637 331 2694 notat
343 2633 479 2712 Argynni
490 2653 584 2710 poena
596 2633 735 2693 minantis
749 2654 850 2713 aquae.

115 2733 180 2791 Hoc
192 2733 299 2792 iuvene
313 2733 416 2792 amisso
429 2733 549 2792 classem
561 2752 621 2790 non
634 2733 723 2793 solvit
736 2733 863 2806 Atrides,

154 2832 211 2890 Pro
225 2852 284 2910 qua
296 2835 423 2891 mactata
436 2836 481 2892 est
493 2832 650 2908 Iphigenia
662 2852 752 2890 mora.

113 2931 240 2990 Reddite
254 2951 357 3007 corpus
366 2931 464 3003 humo,
479 2931 576 3007 posita
588 2931 678 2991 estin
691 2931 807 3005 gurgite
820 2930 895 2990 vita:
923 2935 959 2988 25

153 3030 277 3089 Paetum
290 3032 392 3106 sponte
404 3031 466 3103 tua,
481 3028 549 3088 vilis
562 3030 679 3101 harena,
695 3033 793 3103 tegas:

114 3130 154 3188 Et
167 3129 303 3207 quotiens
315 3128 399 3188 Paeti
411 3127 548 3188 transibit
560 3132 652 3186 nauta
665 3126 839 3202 sepulcrum,

152 3229 258 3289 Dicat:
283 3229 350 3287 “Et
364 3226 466 3287 audaci
478 3230 513 3287 tu
526 3226 614 3286 timor
626 3244 688 3285 esse
701 3224 813 3300 potes.’'

112 3329 168 3401 Ite,
185 3332 263 3387 rates
276 3346 378 3387 curvae
392 3331 422 3387 et
434 3325 489 3386 leti
501 3325 595 3386 texite
609 3343 727 3384 causas:

524 3446 544 3487 G
832 3423 854 3460 a
