2168 3720
338 223 556 284 PROPERTII
575 222 636 280 ΕΒ.
658 223 684 291 Ι,
708 226 735 277 5.
760 226 787 277 6.
968 218 983 276 7

171 385 236 443 Aut
249 402 302 442 cur
315 383 369 441 sim
378 386 441 441 toto
455 401 572 458 corpore
585 381 687 440 nullus
701 399 764 454 ego.

131 484 195 542 Nec
207 482 264 542 tibi
276 481 414 541 nobilitas
427 468 536 558 poterit
549 499 715 539 succurrere
728 478 855 538 amanti:

171 580 274 641 Nescit
286 581 378 638 Amor
390 579 493 656 priscis
507 579 607 638 cedere
620 576 807 652 imaginibus.

132 681 218 746 Quod
231 680 256 739 si
269 700 361 756 parva
372 683 441 738 tuae
455 677 567 737 dederis
579 675 705 751 vestigia
718 676 830 751 culpae,
946 680 982 732 25

171 779 268 844 Quam
280 778 339 837 cito
353 779 388 837 de
402 780 486 836 tanto
499 774 616 834 nomine
629 794 729 833 rumor
741 775 798 833 eris
811 774 819 833 1

131 878 160 936 N
162 898 200 937 on
213 897 267 953 ego
280 881 345 936 tum
357 879 459 953 potero
472 874 579 934 solacia
590 873 667 932 ferre
680 873 805 948 roganti,

172 976 247 1035 Cum
260 975 333 1034 mihi
346 975 429 1034 nulla
441 973 499 1032 mei
513 973 552 1032 sit
561 971 705 1030 medicina
718 971 806 1030 mali:

132 1074 191 1135 sed
203 1074 316 1151 pariter
327 1073 426 1133 miseri
440 1072 515 1131 socio
529 1090 666 1145 cogemur
680 1090 775 1129 amore

171 1174 259 1233 Alter
271 1173 304 1232 in
317 1172 438 1232 alterius
451 1176 555 1231 mutua
567 1171 638 1229 flere
653 1169 728 1228 sinu.
948 1177 984 1230 30

132 1273 239 1344 Quare,
254 1272 327 1349 quid
338 1271 431 1348 possit
443 1291 508 1330 mea
522 1269 658 1348 cynthia,
674 1270 782 1345 desine,
798 1271 891 1344 Galle,

172 1371 334 1437 Quaerere:
357 1391 417 1431 non
429 1371 540 1448 inpune
553 1372 607 1431 illa
620 1360 722 1446 rogata
733 1371 825 1431 venit.

536 1512 577 1550 vr.

131 1589 161 1648 N
161 1609 200 1648 on
214 1609 266 1665 ego
279 1610 359 1650 nunc
371 1591 500 1651 Hadriae
513 1611 616 1650 vereor
628 1612 706 1650 mare
719 1611 837 1651 noscere
850 1595 956 1664 tecum

172 1688 268 1762 Tulle,
282 1710 380 1767 neque
393 1691 509 1764 Aegaeo
523 1691 629 1750 ducere
642 1691 709 1750 vela
723 1693 793 1764 salo,

132 1788 206 1846 Cum
219 1808 277 1866 quo
290 1788 437 1865 Rhipaeos
449 1789 558 1864 possim
571 1791 762 1850 conscendere
776 1797 898 1862 montes,

171 1887 361 1964 Ulteriusque
375 1888 473 1946 domos
487 1889 592 1947 vadere
606 1889 805 1948 Memnonias:

132 1985 190 2045 Sed
201 2005 248 2044 mc
262 1986 429 2062 complexae
442 1991 625 2046 remorantur
638 1991 727 2048 verba
740 1989 865 2066 puellae,
967 1996 983 2047 5

170 2086 346 2164 Mutatoque
359 2107 462 2161 graves
476 2108 560 2165 saepe
575 2090 669 2148 colore
681 2110 790 2166 preces.

130 2185 190 2244 Illa
203 2187 277 2244 mihi
285 2171 361 2245 'totis
374 2190 492 2261 argutat
505 2189 641 2246 noctibus
653 2187 746 2262 ignes,

169 2284 210 2344 Et
223 2285 357 2361 queritur
369 2286 468 2344 nullos
481 2305 542 2346 csse
555 2287 659 2364 relicta
672 2287 758 2345 deos:

129 2383 190 2441 Illa
201 2403 297 2443 meam
309 2384 383 2441 mihi
395 2384 454 2442 iam
468 2405 498 2444 se
512 2386 653 2460 denegat:
675 2386 728 2444 illa
741 2385 878 2460 minatur,

170 2481 252 2547 Quae
265 2482 339 2541 solet
352 2483 464 2559 ingrato
477 2483 572 2543 tristis
585 2484 677 2543 amica
689 2486 761 2544 viro.
947 2493 982 2545 10

129 2581 187 2640 His
201 2601 253 2657 ego
267 2602 326 2641 non
339 2583 440 2640 horam
453 2603 571 2660 possum
585 2584 690 2643 durare
704 2586 860 2662 querellis:

168 2684 218 2741 Ah
231 2687 341 2760 pereat,
357 2685 381 2742 si
395 2684 461 2761 quis
474 2685 573 2743 lentus
587 2705 682 2745 amare
695 2688 809 2763 potest!

128 2783 178 2840 An
190 2782 264 2840 mihi
278 2783 316 2841 sit
328 2783 406 2842 tanti
419 2784 518 2842 doctas
528 2803 698 2858 cognoscere
711 2786 843 2844 Athenas

167 2883 268 2959 Atque
280 2882 370 2941 Asiae
383 2886 496 2941 veteres
510 2902 626 2942 cernere
640 2883 767 2957 divitias,

127 2980 171 3040 Ut
183 2981 258 3040 mihi
270 2981 395 3042 deducta
407 2981 498 3042 iaciat
511 2983 642 3041 convicia
654 2983 747 3059 puppi
945 2992 980 3044 15

167 3080 296 3158 Cynthia
310 3083 340 3140 et
353 3080 463 3139 insanis
478 3101 528 3140 cra
541 3086 624 3140 notet
637 3084 780 3154 manibus,

128 3179 292 3257 Osculaque
305 3179 438 3256 opposito
452 3180 530 3238 dicat
544 3180 599 3239 sibi
612 3181 710 3239 debita
723 3187 820 3255 vento,

166 3279 206 3338 Et
218 3278 296 3338 nihil
307 3278 399 3337 infido
412 3279 514 3337 durius
528 3299 589 3338 essa
601 3280 665 3338 viro
676 3281 689 3338 i

127 3377 173 3436 Tu
185 3377 285 3454 patrui
297 3377 416 3438 meritas
430 3397 533 3439 conare
546 3378 657 3440 anteire
671 3399 797 3457 secures,
