2168 3720
319 197 539 257 PROPERTII
559 197 619 256 EL.
634 198 698 271 111,
715 202 742 256 5.
759 204 787 258 6.
943 199 980 256 79

128 354 176 415 sic
188 358 314 415 ventura
326 354 396 427 dies,
411 355 514 415 mundi
527 376 602 433 quae
616 357 739 415 subruat
752 376 841 431 arces,

167 454 337 532 Purpureus
349 454 465 532 pluvias
478 474 530 513 cur
542 455 618 514 bibit
631 475 715 514 arcus
729 476 830 533 aquas,

126 554 192 612 Aut
205 573 258 612 cur
269 554 428 614 Perrhaebi
440 556 586 613 tremuere
599 553 750 612 cacumina
762 554 859 627 Pindi,

168 652 243 711 Solis
256 656 287 712 et
300 653 404 713 anatis
416 652 530 712 luxerit
543 652 620 712 orbis
634 653 727 731 equis,

127 749 187 810 Cur
200 771 279 810 serus
292 772 406 811 versare
419 754 507 812 boves
521 755 551 811 et
558 752 693 828 plaustra
706 752 815 826 Bootes,
941 760 977 811 35

91 878 98 890 ·
165 850 318 910 Pleiadum
331 851 422 928 spisso
435 871 488 911 cur
501 851 560 910 coit
571 852 640 927 igne
654 852 767 921 chorus,

126 948 222 1009 Curvo
235 969 302 1008 suos
315 951 388 1009 fines
401 951 495 1009 altum
507 969 567 1008 non
580 953 667 1009 exeat
680 969 796 1027 aequor,

164 1047 275 1108 Plenus
288 1048 364 1107 etin
376 1051 474 1124 partes
488 1052 628 1126 quattuor
640 1068 735 1107 annus
749 1051 805 1121 eat,

126 1146 187 1207 Sub
199 1147 287 1206 terris
300 1147 360 1207 sint
371 1147 437 1206 iura
450 1148 537 1206 deum
550 1151 581 1207 et
594 1150 740 1206 tormenta
752 1152 902 1219 nocentum,

164 1246 337 1323 Tisiphones
350 1249 412 1305 atro
427 1245 452 1305 si
464 1245 539 1306 furit
552 1266 646 1321 angue
659 1236 757 1323 'caput
938 1253 975 1305 40

123 1348 188 1406 nuc
199 1347 402 1406 Alcmaeoniae
413 1345 509 1406 iuriae
521 1349 573 1405 aut
585 1346 696 1405 ieiunia
707 1345 821 1418 Phinei,

162 1445 243 1504 Num
256 1448 330 1518 roto,
344 1464 417 1504 num
430 1444 550 1522 scopuli,
566 1465 638 1504 num
651 1444 717 1504 sitis
729 1444 808 1504 inter
821 1464 920 1523 aquas,

123 1545 154 1604 N
153 1563 204 1604 um
216 1543 311 1604 tribus
322 1543 471 1603 infernum
483 1544 611 1604 custodit
621 1543 756 1602 faucibus
768 1547 886 1603 antrum

163 1644 314 1717 Cerberus,
330 1646 361 1703 et
374 1643 462 1722 Tityo
475 1643 577 1719 iugera
588 1663 681 1720 pauca
693 1663 808 1715 novem,

123 1742 173 1800 An
185 1741 255 1802 ficto
267 1741 299 1802 in
312 1741 431 1801 miseras
443 1742 594 1801 descendit
606 1742 707 1801 fabule
720 1740 827 1818 gentis,
936 1747 972 1799 45

161 1841 201 1901 Et
213 1841 302 1901 timor
314 1842 389 1900 haut
401 1842 481 1901 ultra
494 1861 582 1919 quam
594 1861 682 1916 rogus
697 1860 758 1900 esse
771 1843 878 1918 potest.

125 1939 234 2000 Exitus
245 1940 294 2000 hic
306 1939 385 2000 vitae
398 1944 516 2017 superet
527 1939 617 1998 mihi:
638 1959 699 2014 vos,
715 1939 822 2017 quibus
835 1958 914 1998 arma

160 2039 251 2100 Grata
262 2039 364 2116 magis,
378 2039 474 2100 Crassi
485 2039 568 2116 signa
579 2039 687 2100 referte
699 2040 826 2098 domum.

523 2237 565 2276 VI.

118 2338 174 2398 Dic
187 2339 260 2399 mihi
273 2340 309 2399 de
321 2343 429 2414 nostra,
444 2357 519 2417 quae
533 2337 632 2410 sentis,
647 2355 718 2397 vera
728 2336 848 2413 puella:
913 2364 917 2373 =

158 2439 206 2499 sio
218 2439 275 2500 tibi
288 2439 347 2499 sint
360 2439 501 2511 dominae,
516 2437 674 2516 Lygdame,
690 2436 809 2513 dempta
820 2435 898 2512 iuga.

117 2536 197 2596 Num
210 2556 256 2597 me
268 2537 383 2598 laetitia
394 2536 588 2597 tumefactum
599 2535 679 2596 fallis
691 2534 782 2610 inani,

156 2635 238 2695 Haec
251 2635 389 2710 referens,
405 2656 480 2714 quae
493 2657 539 2696 me
553 2637 668 2696 credere
680 2637 758 2696 velle
770 2635 880 2713 putes?

117 2733 219 2793 Omnis
232 2733 311 2793 enim
324 2735 411 2794 debet
424 2734 487 2794 sine
500 2755 575 2794 vano
588 2735 711 2794 nuntius
724 2754 795 2807 esse,
949 2740 966 2791 5

155 2833 354 2912 Maioremque
366 2835 473 2894 timens
487 2855 583 2894 serens
596 2836 703 2895 habere
716 2836 812 2894 fidem.

116 2933 204 2993 Nunc
215 2934 298 3010 mihi,
313 2934 338 2993 si
352 2955 411 3012 qua
422 2938 513 3007 tenes,
529 2935 566 2994 ab
579 2934 690 3009 origine
703 2935 798 2994 dicere
810 2933 904 3010 prima

154 3034 275 3111 Incipe:
300 3033 446 3110 suspensis
460 3033 580 3092 auribus
592 3033 649 3092 istc
662 3034 768 3093 bibam.

115 3133 229 3193 S1ccine
243 3153 306 3192 eam
318 3131 473 3209 incomptis
485 3132 587 3192 vidisti
598 3132 668 3191 flere
683 3131 820 3208 capillis?

154 3232 241 3291 Illius
255 3251 293 3290 ex
306 3231 397 3290 oculis
410 3232 505 3291 multa
518 3232 639 3291 cadebat
651 3231 752 3308 aque?
928 3237 963 3290 10

114 3332 176 3390 Nec
190 3331 341 3409 speculum
355 3334 447 3391 strato
459 3329 569 3402 vidisti,
584 3329 742 3407 Lygdame‚
758 3329 859 3390 lecto?
