2168 3720
16 125 22 155 .

10 183 22 202 '
114 208 151 261 sl
296 206 683 281 recrearemur,
707 213 734 266 s.
751 213 779 266 9.

112 361 169 419 His
184 381 236 437 ego
250 365 404 424 tormentis
418 366 509 424 animi
522 386 587 425 sum
600 385 687 426 verus
700 385 837 443 aruspex,
960 419 965 426 .

155 464 219 521 Has
233 465 321 522 didici
335 468 414 523 certo
428 484 513 540 saepe
525 464 558 523 in
571 483 668 523 amore
680 468 774 524 notas.

112 568 140 624 N
142 586 178 623 on
193 568 237 624 est
251 568 331 622 certa
343 565 424 635 fides,
441 584 530 640 quam
542 584 601 623 non
614 564 722 623 iniuria
735 568 841 624 versat.

151 663 295 723 Hostibus
309 663 425 721 eveniat
438 663 520 721 lenta
532 665 632 739 puella
645 663 734 723 meis!
887 691 895 708 ο
927 670 964 722 20

111 762 150 820 In
163 782 257 820 morso
271 761 407 838 aequales
420 762 539 819 rideant
552 781 617 820 mea
629 763 753 820 vulnera
765 762 858 822 collo:

150 863 200 920 Me
214 862 316 919 doceat
328 860 405 918 livor
417 879 531 918 meeum
544 860 681 920 habuisse
693 881 796 920 meam.

111 963 175 1019 Aut
187 960 220 1018 in
233 979 328 1018 amore
343 959 441 1017 dolere
454 959 521 1017 volo
535 963 587 1019 aut
600 960 700 1019 audire
714 961 871 1033 dolentem,

153 1058 221 1117 Sive
235 1078 313 1116 meas
326 1057 460 1116 lacrimas
475 1057 536 1116 sive
548 1059 647 1118 videre
661 1063 736 1134 tuas,

112 1156 203 1215 Tecta
216 1155 379 1232 superciliis
394 1156 418 1214 si
432 1157 547 1233 quando
561 1159 649 1216 verba
661 1156 798 1230 remittis,
929 1165 966 1216 25

150 1257 214 1315 Aut
227 1260 279 1314 tua
293 1275 360 1314 cum
373 1255 474 1329 digitis
488 1255 596 1332 scripta
610 1257 721 1315 silenda
734 1259 829 1315 notas.

112 1356 169 1414 Odi
183 1376 245 1430 ego,
261 1356 312 1414 cui
324 1374 485 1431 numquam
498 1357 636 1430 pungunt
649 1353 775 1432 suspiria
788 1374 903 1415 somnos
916 1378 923 1414 ι

153 1454 274 1531 Semper
286 1453 318 1511 in
331 1453 408 1512 irata
420 1453 548 1528 pallidus
562 1472 623 1511 esse
636 1453 735 1512 velim.

112 1553 235 1611 Dulcior
247 1552 325 1626 ignis
339 1555 402 1610 erat
415 1551 521 1626 Paridi,
537 1570 604 1609 eum
618 1555 701 1625 grata
713 1570 765 1627 per
778 1570 860 1611 arma

152 1650 312 1729 Tyndaridi
325 1653 441 1726 poterat
455 1649 561 1725 gaudia
574 1649 651 1708 ferre
665 1669 743 1708 suae.
929 1656 967 1708 30

112 1750 191 1809 Dum
204 1749 328 1808 vineunt
340 1749 444 1821 Danai,
461 1750 531 1808 dum
544 1752 636 1807 restat
649 1750 788 1807 barbarus
801 1748 923 1822 Hector,

152 1852 211 1908 Ille
223 1850 355 1909 Helenae
368 1849 401 1906 in
415 1849 524 1923 gremio
537 1848 666 1907 maxima
678 1847 756 1907 belle
769 1848 855 1933 gerit.

112 1953 176 2010 Aut
189 1956 285 2010 tecum
300 1955 352 2010 aut
365 1970 417 2027 pro
431 1953 461 2008 te
475 1950 549 2007 mihi
562 1969 630 2008 eum
643 1948 785 2008 rivalibus
799 1969 879 2009 arma

154 2053 273 2127 Semper
286 2053 373 2109 erunt
386 2071 392 2106 ε
415 2049 447 2107 in
460 2051 490 2106 te
504 2067 564 2124 pax
577 2046 651 2104 mihi
663 2047 747 2105 nulla
759 2048 865 2123 placet.

114 2151 223 2221 Gaude,
240 2151 318 2227 quod
331 2149 415 2207 nulla
428 2153 473 2207 est
486 2167 578 2225 aeque
591 2147 733 2205 formosa:
755 2147 876 2220 doleres,
928 2153 965 2204 35

155 2250 187 2306 Si
201 2249 364 2326 quateret:
386 2267 465 2305 nunc
479 2246 518 2304 sis
531 2247 596 2304 iure
610 2248 734 2322 superba
746 2245 825 2305 licet.

115 2351 156 2405 At
169 2348 233 2420 tibi,
250 2348 302 2424 qui
315 2351 413 2405 nostro
427 2345 530 2404 accisti
542 2345 617 2404 retia
629 2346 714 2416 lecto,

154 2446 199 2504 Sit
214 2465 293 2504 socer
306 2450 466 2516 catomum,
481 2464 535 2503 nec
549 2444 611 2502 sine
625 2447 717 2502 matre
730 2443 849 2502 domus!

115 2545 169 2602 (lui
183 2563 261 2602 nune
275 2543 300 2601 si
313 2563 372 2620 qua
385 2544 453 2602 data
466 2546 511 2602 est
523 2543 664 2601 furandae
678 2541 760 2615 copia
772 2541 876 2614 noetis,

153 2642 271 2700 Offensa
283 2641 336 2699 illa
348 2642 429 2715 mihi,
444 2661 503 2699 non
517 2641 572 2700 tibi
586 2640 685 2713 amica,
701 2640 792 2699 dedit.
928 2645 965 2696 40

514 2838 556 2876 IX.

114 2940 266 2998 Maecenas
280 2958 368 3015 eques
381 2938 504 2996 Etrusco
517 2939 553 2995 de
567 2937 708 3012 sanguine
721 2957 831 3011 regum,

153 3039 239 3097 Intra
250 3037 399 3095 fortunam
412 3036 464 3114 qui
478 3036 560 3112 cupis
573 3056 635 3094 esse
647 3041 738 3110 tuam,

116 3138 194 3202 Quid
207 3157 253 3196 me
267 3137 410 3195 scribendi
423 3139 484 3194 tam
496 3138 614 3194 vastum
627 3134 721 3193 mittis
734 3135 766 3192 in
780 3131 910 3210 aequor?

154 3237 183 3293 N
184 3256 221 3293 on
235 3240 304 3294 sunt
318 3230 387 3311 apta
399 3254 479 3292 meae
493 3233 614 3308 grandia
626 3233 693 3292 vela
705 3232 772 3292 rati.

114 3336 210 3409 Turpe
220 3338 272 3402 est,
285 3334 362 3410 quod
371 3352 507 3409 nequeas
519 3331 609 3408 capiti
619 3331 798 3391 committere
806 3330 929 3406 pondus,
947 3336 963 3386 5
