2168 3720
111 198 146 257 lii
398 198 640 257 PRAEFATIO.

112 356 206 415 neius.
246 375 294 415 oar
308 356 402 431 soeriis
424 357 557 428 Iacobus,
583 361 690 433 ‘quern
709 356 762 434 qui
784 358 883 418 seouti
904 364 975 419 sunt

57 480 63 491 ·
112 454 258 514 debebant
275 454 357 531 prius
378 475 518 532 quaerere
530 474 604 514 num
621 457 707 534 Prop.
722 459 860 516 uteretur
879 458 973 518 inter·

112 553 237 612 iectione
249 553 325 612 ista'
341 554 388 630 (L.
405 554 591 630 Muellerus).
673 559 702 615 4.
725 556 773 616 74.
795 557 878 630 rapi
890 556 921 615 N
922 561 929 615 ’.

152 657 180 712 4.
203 650 251 710 78.
272 652 419 709 inmundas
432 652 514 726 dapes
527 651 605 709 libri.
641 651 721 710 Oorr.
737 671 848 712 omnes.

152 753 181 807 4.
203 753 250 807 88.
272 748 389 807 Mutari
408 748 676 825 interpunctionem
693 750 896 826 Hertzbergii,
917 754 970 829 qui

112 868 230 908 versum
242 848 286 908 ita
295 847 469 922 distinguit:
493 848 689 926 Nubendique
702 850 787 926 petit,
799 869 889 927 quem
896 852 971 910 velit

112 947 184 1024 ipsa,
200 947 286 1005 diem.
328 947 390 1021 Ego
403 949 476 1022 puto
496 947 560 1020 ipsu
574 966 640 1005 eum
648 949 725 1021 petit
741 967 801 1006 non
815 967 883 1007 oum
896 949 970 1008 velit

113 1047 295 1121 uingendum
315 1065 386 1105 0000.
421 1045 545 1121 Tarpeia
558 1047 646 1118 ultro,
669 1046 750 1104 haud
762 1049 798 1105 ut
813 1046 899 1106 deoet
911 1048 969 1106 vir·

115 1146 212 1220 ginem
220 1145 422 1218 verecundam,
433 1145 510 1202 diem
518 1144 649 1203 nubendi
657 1144 741 1203 Tatio
750 1143 835 1221 petit.
846 1143 970 1205 10110000

114 1244 199 1303 malit
212 1244 319 1322 aliquis
333 1246 380 1302 oui
391 1244 474 1302 velit.
489 1245 552 1318 e‘pso
564 1243 634 1302 libri
647 1245 706 1319 r'pose
719 1244 784 1302 edd.
798 1244 929 1321 plurimi.

154 1348 182 1400 4.
205 1347 253 1402 93.
277 1343 395 1416 Tarpeio
414 1342 452 1413 N,
468 1342 509 1400 Η.
551 1341 609 1400 sed
628 1341 776 1417 Tarpeius,
798 1344 885 1418 pater
900 1342 970 1401 Tar·

114 1441 206 1518 peiae,
222 1441 320 1499 nullas
333 1443 432 1517 partes
448 1439 480 1498 in
493 1441 548 1498 hoo
569 1440 695 1499 carmine
709 1440 779 1514 agit.
820 1440 884 1500 Nee
896 1442 969 1500 mihi

116 1540 235 1617 quidem
247 1540 407 1599 verisimile
419 1539 539 1598 videtur
559 1541 701 1614 Tarpam
720 1539 827 1598 namsi
849 1541 970 1616 Tarpeio

114 1637 209 1714 primo
228 1638 328 1710 fuerit,
342 1659 394 1697 eur
406 1639 438 1697 in
454 1639 572 1713 Tarpeio
585 1643 732 1697 mutatum
749 1637 861 1697 sitnon
873 1639 967 1698 video.

116 1736 207 1795 Credo
221 1740 272 1795 aut
288 1738 423 1811 Tarpeius
437 1740 489 1796 aut
504 1737 653 1811 Tarpeium
664 1735 765 1794 111000.

155 1841 182 1895 4.
206 1842 253 1895 94.
275 1837 325 1895 Its
338 1837 368 1895 N
382 1836 453 1912 (non
467 1837 594 1912 iniuste).
631 1835 709 1911 oirqo
724 1835 797 1894 eoni.
813 1835 948 1896 Guietus.

156 1941 183 1993 5.
208 1941 253 1994 13.
275 1940 403 1995 routarae
426 1935 464 1993 N.
488 1936 557 2012 (101
577 1954 595 1993 r
613 1934 645 1992 in
669 1935 828 2012 archetypo
849 1935 970 1995 confusa

115 2036 222 2112 erant).
424 2039 452 2093 5.
476 2038 522 2093 15.
544 2038 572 2092 01
584 2033 622 2091 N.
639 2037 671 2091 ul
684 2032 765 2091 oodd.
780 2033 927 2092 nonnulli.

156 2140 183 2192 5.
208 2139 253 2193 19.
275 2135 386 2194 Locum
419 2136 588 2209 corruptum
620 2135 656 2191 ut
683 2132 712 2190 N
739 2131 861 2190 exhibet
890 2132 967 2192 dedi.

115 2233 171 2292 Pro
179 2253 283 2308 pertore
296 2233 418 2292 10110000
433 2231 553 2290 terebret
572 2229 765 2289 scribendum.
807 2229 852 2287 Of.
868 2231 967 2290 Plaut.

115 2331 221 2390 Baooh.
234 2337 262 2391 5.
274 2337 303 2392 2.
320 2337 366 2389 83.
403 2349 450 2389 ss.
467 2330 536 2389 Sine
545 2333 575 2388 te
589 2348 702 2387 morem.
730 2328 966 2390 1111001100.

115 2430 171 2487 Pro
184 2429 281 2502 verbis,
304 2430 416 2488 Veneris
429 2429 538 2488 malim.
574 2433 696 2503 perurat
708 2428 796 2487 multi
810 2429 901 2502 codd,
918 2431 966 2502 H;

114 2533 242 2603 pererrat
254 2529 388 2587 Iacobus.

156 2634 183 2686 5.
206 2633 254 2685 20.
276 2628 320 2686 ita
345 2627 383 2699 N,
407 2626 475 2685 libri
495 2625 625 2702 plurimi.
671 2631 744 2685 teret
763 2627 804 2686 H.
845 2626 968 2687 fortasse

108 2727 198 2802 forat.
248 2726 330 2802 eulpa
364 2726 442 2785 libri.
493 2726 606 2802 lympha
640 2726 721 2798 Itali,
753 2727 794 2786 H.
845 2726 968 2785 fortasse

116 2827 201 2902 labro.

194 2927 343 2984 Exorabat
356 2944 428 3001 opus
441 2923 563 2983 Veneris
577 2943 631 2982 eeu
644 2924 750 2982 blanda
762 2925 893 2983 terebrat

236 3025 434 3100 Saxorumque
447 3022 525 3081 forat
539 3022 640 3081 sedula
652 3023 733 3098 talpa
745 3022 834 3081 viam.

116 3124 237 3200 Talpam
263 3122 449 3198 Apenninum
474 3120 615 3180 fossiones
640 3121 712 3179 loois
738 3120 831 3194 magis
857 3122 969 3181 saxosis

117 3241 204 3298 quarn
217 3224 376 3280 nostratem
388 3219 490 3278 lesisse
504 3218 641 3277 credibile
655 3222 708 3277 est.
752 3218 837 3284 Quod
850 3218 875 3278 si
889 3219 969 3295 tulna

116 3318 311 3379 fomidolosior
323 3318 467 3391 rideatur,
477 3317 689 3395 puttaomnino
699 3318 898 3394 reponendum
912 3322 967 3377 001.
