2168 3720
115 283 118 292 ἢ
159 209 194 260 10
386 200 603 260 unornarn
625 202 684 259 nu.
701 202 727 273 1,
752 208 778 261 o.

195 361 349 420 Crudelem
363 359 471 418 infesta
485 378 568 435 saepe
581 379 684 419 vocare
696 361 804 420 mauu!

156 461 213 519 Sed
226 478 410 536 quocumque
424 458 508 516 modo
522 459 626 530 deme,
641 458 759 535 perimo
771 461 902 535 mereris,

195 560 242 618 Sit
256 559 378 618 Galatea
390 562 460 617 tuae
473 577 532 615 non
547 557 642 616 aliena
654 557 729 632 viae,

154 660 244 718 Utere
256 657 338 716 felici
351 661 506 733 praevecta
520 657 663 716 Ceraunia
675 678 764 731 remo,

193 756 329 832 Accipiat
341 754 463 832 placidis
477 754 577 814 Oricos
590 756 774 832 aequoribus.
971 765 1010 818 20

154 858 230 916 Nam
243 876 289 915 me
302 874 361 914 nou
374 855 453 915 ullae
466 858 606 931 potemnt
619 875 802 933 corrumpere
815 859 927 932 taedae,

193 956 272 1021 Quin
286 974 348 1030 ego,
364 953 435 1026 vita,
451 957 503 1012 tuo
516 953 618 1013 limine
631 975 701 1014 vera
714 976 839 1033 querar:

121 1107 124 1112 .
153 1057 215 1115 Nec
229 1074 275 1113 me
288 1053 405 1113 deficiet
417 1057 522 1113 nautas
535 1053 662 1128 rogitare
676 1053 781 1114 citatos

195 1161 214 1187 “
224 1154 331 1227 Dicite,
348 1173 406 1231 quo
419 1157 507 1230 portu
520 1153 619 1211 clausa
631 1155 731 1228 puello
743 1174 808 1214 mea
821 1155 912 1215 est?”

152 1257 191 1315 Et
205 1256 318 1314 dicam:
343 1260 363 1288 ‘⁴
372 1254 443 1312 licet
454 1252 584 1312 Artaciis
597 1251 728 1312 considat
740 1253 772 1311 iu
786 1255 853 1327 oris,
969 1262 1007 1314 25

191 1358 232 1416 Et
244 1357 315 1416 licet
327 1354 466 1432 Hylleis:
488 1354 542 1412 illa
554 1353 657 1413 lutura
670 1374 734 1413 mea
748 1356 823 1414 est.”

150 1691 209 1750 Hic
223 1692 285 1749 erat
296 1689 303 1748 l
324 1689 373 1747 hic
386 1689 483 1747 iurata
495 1689 612 1747 manet!
634 1692 809 1765 rumpantur
821 1689 934 1766 iniqui!

188 1789 338 1848 Vicimus!
360 1788 489 1847 assiduas
502 1808 563 1847 non
575 1788 648 1847 tulit
660 1788 713 1847 illa
725 1788 842 1864 preces!

149 1888 236 1947 Falsa
249 1888 319 1947 licet
333 1887 455 1964 cupidus
469 1889 595 1963 deponat
608 1887 715 1962 gaudia
727 1887 820 1946 livor:

187 1987 312 2047 Destitit
323 1972 366 2046 ire
380 2007 469 2047 noras
483 1987 612 2065 Cynthia
624 1990 725 2046 nostra
737 1987 810 2046 vias.
967 1994 1004 2047 30

148 2089 201 2146 Illi
215 2108 298 2147 carus
312 2106 364 2162 ego
379 2090 409 2146 et
421 2106 474 2163 per
486 2107 533 2145 me
547 2086 694 2145 carissima
706 2086 800 2145 Roma

187 2186 312 2262 Dicitur,
328 2190 359 2246 et
372 2186 434 2245 sine
447 2206 493 2244 me
507 2186 606 2245 dulcia
617 2205 709 2261 regua
721 2189 820 2261 negat.

147 2287 207 2345 Illa
219 2288 268 2346 vel
282 2291 406 2362 angusto
419 2305 533 2344 mecum
546 2285 726 2362 requiescere
739 2286 816 2344 lecto

186 2386 226 2445 Et
240 2404 423 2462 quocumque
436 2384 521 2442 modo
534 2383 641 2443 maluit
654 2403 716 2443 esse
729 2403 803 2455 mea,

146 2484 241 2549 Quam
254 2483 310 2542 sibi
322 2484 438 2542 dotatae
451 2503 575 2558 regnum
587 2486 673 2542 vetus
686 2481 908 2559 Hippodamiae,
963 2489 1000 2542 35

185 2584 225 2642 Et
239 2602 312 2660 quas
324 2583 388 2641 Elis
401 2603 469 2659 opes
483 2587 551 2642 ante
564 2585 683 2659 pararat
696 2581 789 2659 equis.

146 2682 285 2748 Quamvis
297 2701 403 2758 magna
416 2683 507 2754 daret,
523 2681 657 2759 quamvis
669 2681 780 2740 maiora
792 2680 923 2752 daturus,

184 2782 251 2840 Non
263 2786 363 2840 tamen
375 2781 428 2839 illa
441 2801 520 2840 meos
532 2780 613 2855 fugit
628 2799 714 2839 avara
728 2779 818 2838 sinus.

144 2882 230 2940 Hanc
243 2901 296 2956 ego
309 2900 368 2939 nou
382 2899 461 2952 auro,
475 2899 535 2938 non
549 2879 633 2938 Indis
645 2880 763 2938 flectere
777 2877 903 2951 conchis,

184 2983 241 3041 Sed
253 2981 337 3058 potui
349 2981 450 3039 blandi
464 2979 599 3039 carminis
613 2979 759 3057 obsequio.
960 2985 997 3037 40

145 3083 222 3141 Sunt
234 3082 327 3156 igitur
339 3081 451 3152 Musae,
467 3099 563 3156 neque
577 3079 687 3138 amanti
700 3079 802 3138 turdus
814 3079 931 3154 Apollo,

184 3177 256 3241 Quis
270 3196 322 3251 ego
335 3176 429 3234 frctus
443 3195 522 3233 amo:
549 3175 677 3252 cynthia
689 3195 755 3233 rara
767 3193 832 3232 mea
845 3176 899 3232 est.

144 3276 230 3333 Nunc
243 3275 315 3333 mihi
328 3293 440 3333 summa
453 3273 524 3332 licet
537 3273 704 3347 contingere
718 3272 812 3331 sidera
825 3272 953 3349 plantis:

184 3374 250 3433 Sive
264 3373 325 3432 dics
339 3393 390 3432 scu
404 3392 464 3430 nox
477 3371 599 3444 venerit,
615 3371 668 3430 illa
681 3390 745 3429 mea
759 3375 811 3442 est,
