2168 3720
116 212 170 266 118
326 204 543 264 PROPERTII
564 203 623 262 EL.
639 202 692 274 IV,
709 206 737 261 4.

152 363 340 441 Candidaque
352 363 385 421 in
398 382 497 422 saevos
510 361 632 436 inguina
645 380 728 422 versa
741 359 849 418 canes?
925 364 962 417 40

112 466 231 526 Prodita
245 465 317 543 quid
329 464 436 522 mirum
448 463 572 522 fraterni
585 482 693 521 cornua
706 460 840 532 monstri,

152 565 226 624 Cum
238 564 337 640 patuit
349 565 426 622 lecto
440 563 564 621 stamine
577 564 655 620 torta
668 561 717 619 via
729 560 743 618 l

112 664 263 729 Quantum
277 683 329 738 ego
344 682 409 721 sum
421 661 559 720 Ausoniis
572 660 681 719 crimen
693 659 809 717 lactura
821 659 941 735 puellis,

151 764 289 838 Improba
301 762 433 836 virgineo
446 762 523 820 lecta
535 759 668 818 ministra
680 758 745 817 1000
757 757 764 816 1

110 862 246 921 Pallados
259 861 404 920 extinctos
418 860 442 918 si
456 859 522 936 quis
535 859 690 917 mirabitur
702 857 794 932 ignes,
922 862 959 914 45

152 961 306 1036 Ignoscat:
329 959 457 1018 lacrimis
471 959 619 1034 spargitur
633 978 682 1016 ara
695 957 777 1015 meis.

114 1063 193 1134 Cras,
208 1067 245 1120 ut
257 1081 356 1120 rumor
369 1060 420 1132 ait,
434 1065 498 1119 tota
510 1059 664 1118 cessabitur
676 1059 765 1116 urbe:

152 1161 198 1218 Tu
213 1180 284 1235 capo
298 1160 408 1236 spinosi
421 1159 517 1218 rorida
531 1162 615 1232 terga
628 1157 701 1231 iugi.

114 1259 241 1318 Lubrica
254 1262 319 1317 tota
332 1258 382 1317 via
394 1262 439 1317 est
453 1261 484 1317 et
495 1259 623 1334 perfida:
647 1257 756 1334 quippe
768 1259 900 1315 tacentes

154 1359 267 1417 Fallaci
281 1359 358 1417 celat
369 1359 465 1418 limita
479 1379 592 1435 semper
605 1378 705 1434 aquas.
930 1359 968 1415 50

114 1458 139 1516 0
154 1457 268 1515 utinam
283 1477 405 1533 magnae
418 1477 532 1516 nossem
545 1456 711 1516 cantamina
723 1453 845 1512 Musae!

152 1555 235 1613 Haeo
249 1576 366 1633 quoquo
379 1556 505 1615 formoso
518 1557 621 1631 lingua
634 1555 753 1614 tulisset
766 1573 859 1629 opem.

114 1654 156 1713 Te
169 1661 239 1728 toga
251 1654 331 1730 picta
344 1655 436 1727 decet,
453 1675 512 1714 non
526 1675 614 1731 quem
627 1654 689 1712 sine
703 1652 805 1711 matris
818 1653 929 1710 honora

154 1752 258 1811 Nutrit
270 1752 448 1812 inhumanae
461 1754 535 1811 dura
547 1752 658 1829 papilla
670 1753 768 1828 lupae.

114 1850 171 1921 Sic,
187 1851 300 1926 hospes,
314 1852 464 1927 pariamne
476 1855 530 1910 tua
543 1852 645 1926 regina
658 1853 712 1910 sub
726 1849 817 1908 aula?
927 1853 965 1906 55

152 1950 212 2008 Dos
225 1951 281 2009 tibi
294 1972 353 2009 non
366 1951 488 2010 humilis
500 1951 617 2028 prodita
630 1952 723 2009 Roma
736 1949 828 2009 venit.

116 2047 149 2107 si
163 2049 268 2121 minus,
286 2054 317 2109 at
330 2054 431 2126 raptae
445 2071 482 2109 nc
497 2051 556 2110 sint
569 2051 690 2126 impune
705 2049 848 2108 Sabinae:

155 2147 205 2205 Me
219 2168 297 2224 rape,
314 2153 345 2208 et
359 2150 474 2207 alterna
486 2150 552 2223 lege
566 2150 691 2225 repende
705 2149 792 2206 vices.

114 2245 286 2305 commissas
300 2247 376 2306 acies
389 2268 442 2322 ego
456 2268 574 2324 possum
587 2248 698 2306 solvere
711 2250 821 2323 nupta3

154 2345 213 2403 Vos
227 2346 356 2404 medium
373 2347 453 2423 palla
466 2347 569 2404 foedus
582 2346 656 2404 inite
669 2366 742 2404 mea.
932 2348 971 2400 60

115 2443 199 2501 Adde
210 2444 383 2520 Hymenaee
392 2447 499 2518 modos,
506 2446 627 2504 tubicen
636 2445 700 2503 fera
709 2462 858 2502 murmura
867 2443 968 2502 conde:

155 2540 279 2614 Credite,
296 2546 394 2601 vestra
407 2564 489 2602 meus
503 2544 616 2602 molliet
630 2563 709 2601 arma
721 2546 812 2601 torus.

115 2638 155 2696 Et
169 2639 228 2696 iam
242 2644 349 2716 quarta
362 2642 442 2701 canit
456 2646 612 2701 venturam
624 2642 731 2700 bucina
743 2642 849 2711 lucem,

155 2737 286 2814 Ipsaque
300 2740 332 2797 in
346 2741 494 2798 Oceanum
509 2742 604 2800 sidera
616 2742 698 2816 lapsa
713 2740 830 2799 cadunt.

117 2835 263 2911 Experiar
278 2858 419 2910 somnum,
437 2841 472 2898 de
483 2844 513 2899 te
527 2841 601 2899 mihi
614 2841 725 2899 somnia
739 2858 897 2916 quaeram:
933 2842 973 2894 65

155 2935 216 2994 Fac
231 2938 331 2996 venias
345 2938 436 2996 oculis
449 2941 553 2997 umbra
565 2941 693 3014 benigna
706 2939 788 2997 meis

113 3032 259 3105 Dixitet
229 3035 366 3095 etincert
367 3057 383 3094 0
397 3037 530 3113 permisit
542 3038 663 3096 brachia
677 3057 785 3108 somno,

153 3132 260 3192 Nescia
273 3154 304 3193 se
317 3135 402 3194 iuriis
416 3137 584 3195 accubuisse
597 3137 691 3195 novis.

113 3229 142 3288 N
143 3250 190 3287 am
205 3232 304 3304 Vesta,
321 3234 431 3293 Iliacae
444 3234 519 3293 felix
532 3236 628 3294 tutela
640 3235 770 3306 favillae,

151 3329 274 3406 Culpam
288 3331 342 3391 alit
356 3337 385 3391 ot
398 3334 499 3409 plures
512 3335 611 3394 condit
623 3335 655 3393 in
670 3355 734 3394 ossa
746 3335 835 3392 faces.
929 3331 968 3388 70
