2168 3720
327 176 545 243 PROPERTII
565 177 625 236 ΕΒ.
647 178 692 250 ΙΙ,
716 182 763 236 32.
930 180 965 236 67

156 336 197 395 ut
209 334 273 394 sine
285 334 401 394 decreto
413 334 482 395 viva
493 333 614 395 reducla
626 335 744 395 domum
757 340 810 396 est.

115 433 187 512 Ipsa
198 434 301 494 Venus
313 432 408 493 fertur
421 437 559 510 corrupte
571 433 693 494 libidine
706 435 821 506 Martie,

156 532 187 592 N
186 552 219 592 ec
231 531 330 592 minus
342 532 374 590 in
388 532 467 591 caelo
482 551 594 609 semper
606 533 729 594 honesta
741 533 819 593 fuit:

116 631 257 698 Quamvis
271 631 327 690 Ida
338 630 434 709 palam
446 635 592 708 pastorem
605 632 684 692 dicat
697 652 806 692 amasse
930 638 966 690 35

156 729 256 806 Atque
268 729 348 788 inter
359 730 485 807 pecudes
498 731 666 791 accubuisse
679 732 773 791 deam.

115 828 182 886 Hoc
195 831 227 887 et
238 828 479 906 Hamadryadum
492 829 637 906 spectavit
648 832 737 889 turba
750 849 888 902 sororum,

157 925 308 1003 Silenique
322 946 412 1000 senes,
429 929 460 986 at
472 931 556 1003 pater
568 928 632 1004 ipse
646 928 735 996 chori,

116 1025 191 1084 Cum
204 1026 312 1103 quibua
326 1026 414 1085 Idaeo
427 1025 527 1101 legisti
539 1046 625 1103 poma
639 1027 693 1086 sub
707 1029 800 1099 antro,

158 1125 314 1202 Supposita
326 1124 475 1200 excipiens
487 1124 581 1183 Naica
592 1124 669 1184 dona
681 1145 778 1184 manu.
931 1133 968 1182 40

116 1224 167 1280 An
180 1223 335 1300 quisquam
347 1222 476 1282 intanto
491 1226 659 1299 stuprorum
673 1223 807 1283 examine
821 1225 953 1301 quaerit:

158 1320 218 1380 Gur
230 1321 302 1380 haec
314 1324 376 1380 sam
389 1321 494 1380 dives?
515 1322 581 1399 quis
595 1321 700 1381 dedit?
719 1322 797 1380 unde
810 1323 913 1382 dedit?

118 1419 144 1477 Ο
157 1417 282 1477 nimium
294 1422 393 1478 nostro
406 1418 524 1479 felicem
536 1423 667 1495 tempore
680 1419 811 1490 Romam,

159 1517 191 1577 si
205 1521 306 1578 eontra
318 1538 412 1578 mores
424 1538 485 1577 una
497 1519 598 1595 puella
610 1517 702 1577 lacit!

118 1618 201 1678 Haec
214 1619 314 1678 eadem
324 1621 392 1677 ante
399 1618 482 1675 illam
489 1617 546 1676 ion
554 1616 665 1693 inpune
675 1621 706 1677 et
713 1616 818 1677 lesbia
827 1617 914 1678 fecit:
931 1625 969 1676 45

159 1717 240 1784 Quae
254 1717 395 1794 sequitur,
411 1719 490 1775 certe
504 1720 550 1775 est
561 1715 706 1775 invidiosa
718 1717 824 1776 minus.

119 1815 178 1882 Qui
192 1815 308 1894 quaerit
321 1815 420 1875 Tatios
433 1818 547 1874 veteres
560 1815 706 1892 durosque
720 1814 850 1888 Sabinos,

158 1914 217 1973 Hic
230 1914 329 1990 posuit
341 1917 442 1973 nostra
453 1931 549 1990 nuper
560 1912 593 1971 in
605 1915 679 1972 urbe
691 1913 804 1990 pedem.

119 2013 165 2073 Tu
177 2013 259 2090 prius
272 2016 303 2072 et
314 2013 422 2072 ductus
435 2011 544 2089 poteris
557 2011 664 2070 siccare
676 2011 812 2085 marinos,

158 2111 288 2189 Altaque
300 2111 419 2170 mortali
431 2109 559 2183 deligere
573 2112 652 2168 astra
663 2127 763 2181 manu,
933 2117 969 2167 50

120 2209 215 2276 Quam
227 2209 322 2268 fecere
335 2214 371 2269 ut
383 2213 498 2268 nostrae
511 2207 608 2266 nolint
620 2225 739 2283 peccare
751 2207 876 2284 puellae.

158 2308 218 2368 Hic
231 2328 293 2367 moa
306 2309 434 2368 Saturno
447 2326 537 2382 regna
549 2308 669 2365 tenente
681 2304 751 2378 icit,

120 2408 160 2466 Es
172 2427 240 2466 eum
252 2406 439 2466 Deucalionis
453 2425 545 2484 aquae
558 2405 672 2464 duxere
685 2423 738 2480 per
750 2405 857 2464 orbem.

158 2507 205 2565 As
218 2510 284 2582 posi
297 2505 434 2583 antiquas
447 2503 633 2564 Deucalionis
646 2522 746 2581 aquas,

120 2602 176 2661 Die
188 2603 270 2675 mihi,
287 2603 353 2680 quis
365 2603 464 2681 poluit
476 2602 587 2662 lectum
601 2621 716 2662 servare
729 2602 876 2680 pudicum,
932 2610 968 2660 55

160 2701 242 2766 Quae
256 2702 310 2761 dea
323 2722 389 2761 cum
403 2703 463 2760 solo
476 2702 576 2761 vivere
590 2702 652 2760 sola
665 2701 743 2760 deo?

122 2801 249 2860 Uxorem
262 2801 408 2878 quondam
421 2801 520 2875 magni
532 2800 648 2875 Minois,
663 2804 699 2859 ut
711 2800 804 2872 aiunt,

160 2901 296 2979 Corrupit
309 2903 387 2962 torvi
400 2902 523 2961 candida
535 2900 629 2959 forma
641 2900 733 2960 bovis.

121 3001 183 3061 Nec
195 3001 293 3060 minus
306 3006 404 3061 aerato
417 3001 518 3059 Danae
531 2999 708 3059 circumdata
720 3020 803 3058 muro

159 3099 188 3158 N
189 3119 227 3159 on
239 3099 338 3177 posuit
350 3119 455 3175 magno
469 3103 548 3159 casta
561 3118 668 3173 negare
681 3097 757 3157 Iovi.
933 3104 970 3155 60

122 3197 206 3262 Quod
219 3198 245 3256 si
257 3201 293 3258 tn
306 3197 408 3258 Graias
420 3217 524 3275 aeques
536 3196 652 3256 imitata
664 3196 778 3268 Latina,
818 3277 820 3282 Α

163 3297 282 3375 Semper
293 3297 361 3360 vive
374 3317 438 3357 mco
450 3298 544 3358 libera
556 3295 672 3356 iudicio.

521 3415 538 3456 n
552 3401 571 3456 2
