<?xml version="1.0" encoding="UTF-8"?>
<!DOCTYPE html PUBLIC "-//W3C//DTD XHTML 1.0 Transitional//EN"
    "http://www.w3.org/TR/xhtml1/DTD/xhtml1-transitional.dtd">
<html xmlns="http://www.w3.org/1999/xhtml" xml:lang="en" lang="en">
 <head>
  <title>
</title>
<meta http-equiv="Content-Type" content="text/html;charset=utf-8" />
  <meta name='ocr-system' content='tesseract 3.04.00' />
  <meta name='ocr-capabilities' content='ocr_page ocr_carea ocr_par ocr_line ocrx_word'/>
</head>
<body>
  <div class='ocr_page' id='page_1' title='image "./elegiarumlibrii00palmgoog_0043.png"; bbox 0 0 2168 3720; ppageno 0'>
   <div class='ocr_carea' id='block_1_1' title="bbox 122 204 676 265">
    <p class='ocr_par' dir='ltr' id='par_1_1' title="bbox 122 204 676 265">
     <span class='ocr_line' id='line_1_1' title="bbox 122 204 676 265; baseline -0.002 0"><span class='ocrx_word' id='word_1_1' title='bbox 122 205 219 265; x_wconf 77' lang='lat' dir='ltr'>xxxiv</span> <span class='ocrx_word' id='word_1_2' title='bbox 436 204 676 264; x_wconf 79' lang='lat' dir='ltr'><strong>PRAEFATIO.</strong></span> 
     </span>
    </p>
   </div>
   <div class='ocr_carea' id='block_1_2' title="bbox 107 350 980 3001">
    <p class='ocr_par' dir='ltr' id='par_1_2' title="bbox 119 350 980 735">
     <span class='ocr_line' id='line_1_2' title="bbox 119 350 980 440; baseline 0.001 -17"><span class='ocrx_word' id='word_1_3' title='bbox 119 365 212 439; x_wconf 87' lang='lat' dir='ltr'>magis</span> <span class='ocrx_word' id='word_1_4' title='bbox 227 363 362 423; x_wconf 82' lang='lat' dir='ltr'>convenit</span> <span class='ocrx_word' id='word_1_5' title='bbox 383 383 453 422; x_wconf 84' lang='lat' dir='ltr'>aevo</span> <span class='ocrx_word' id='word_1_6' title='bbox 467 350 562 422; x_wconf 82' lang='lat' dir='ltr'>Taciti</span> <span class='ocrx_word' id='word_1_7' title='bbox 576 383 664 440; x_wconf 88' lang='lat' dir='ltr'>quam</span> <span class='ocrx_word' id='word_1_8' title='bbox 677 361 830 438; x_wconf 86' lang='lat' dir='ltr'>Propertii.</span> <span class='ocrx_word' id='word_1_9' title='bbox 873 363 980 424; x_wconf 81' lang='lat' dir='ltr'>Conie-</span> 
     </span>
     <span class='ocr_line' id='line_1_3' title="bbox 120 462 980 541; baseline 0.002 -19"><span class='ocrx_word' id='word_1_10' title='bbox 120 483 215 522; x_wconf 82' lang='lat' dir='ltr'>eeram</span> <span class='ocrx_word' id='word_1_11' title='bbox 229 465 321 522; x_wconf 77' lang='lat' dir='ltr'>nervia</span> <span class='ocrx_word' id='word_1_12' title='bbox 335 463 413 540; x_wconf 89' lang='lat' dir='ltr'>quod</span> <span class='ocrx_word' id='word_1_13' title='bbox 425 463 558 521; x_wconf 85' lang='lat' dir='ltr'>firmatur</span> <span class='ocrx_word' id='word_1_14' title='bbox 567 462 603 520; x_wconf 86' lang='lat' dir='ltr'>ab</span> <span class='ocrx_word' id='word_1_15' title='bbox 615 467 642 520; x_wconf 86' lang='lat'>3.</span> <span class='ocrx_word' id='word_1_16' title='bbox 656 466 683 521; x_wconf 88' lang='grc'>3.</span> <span class='ocrx_word' id='word_1_17' title='bbox 694 467 712 519; x_wconf 89' lang='grc'><strong>4</strong></span> <span class='ocrx_word' id='word_1_18' title='bbox 724 483 730 519; x_wconf 94' lang='lat'><strong>:</strong></span> <span class='ocrx_word' id='word_1_19' title='bbox 741 462 870 521; x_wconf 84' lang='lat' dir='ltr'>Tantum</span> <span class='ocrx_word' id='word_1_20' title='bbox 881 465 980 541; x_wconf 88' lang='lat' dir='ltr'>operis</span> 
     </span>
     <span class='ocr_line' id='line_1_4' title="bbox 120 560 978 638; baseline 0.005 -20"><span class='ocrx_word' id='word_1_21' title='bbox 120 562 218 620; x_wconf 83' lang='lat' dir='ltr'>nervis</span> <span class='ocrx_word' id='word_1_22' title='bbox 228 562 339 620; x_wconf 82' lang='lat' dir='ltr'>hiscere</span> <span class='ocrx_word' id='word_1_23' title='bbox 349 580 431 637; x_wconf 88' lang='lat' dir='ltr'>posse</span> <span class='ocrx_word' id='word_1_24' title='bbox 442 561 522 618; x_wconf 90' lang='lat' dir='ltr'>meis.</span> <span class='ocrx_word' id='word_1_25' title='bbox 549 561 706 637; x_wconf 77' lang='lat' dir='ltr'>Rerumque</span> <span class='ocrx_word' id='word_1_26' title='bbox 719 560 751 618; x_wconf 91' lang='lat' dir='ltr'>in</span> <span class='ocrx_word' id='word_1_27' title='bbox 763 580 900 638; x_wconf 69' lang='lat' dir='ltr'>meusque</span> <span class='ocrx_word' id='word_1_28' title='bbox 913 583 978 622; x_wconf 88' lang='lat' dir='ltr'>eor·</span> 
     </span>
     <span class='ocr_line' id='line_1_5' title="bbox 120 659 925 735; baseline 0.005 -19"><span class='ocrx_word' id='word_1_29' title='bbox 120 665 242 735; x_wconf 90' lang='lat' dir='ltr'>ruptum</span> <span class='ocrx_word' id='word_1_30' title='bbox 256 663 300 718; x_wconf 87' lang='lat' dir='ltr'>est</span> <span class='ocrx_word' id='word_1_31' title='bbox 314 660 345 716; x_wconf 90' lang='lat' dir='ltr'>in</span> <span class='ocrx_word' id='word_1_32' title='bbox 360 659 456 717; x_wconf 84' lang='lat' dir='ltr'>codiee</span> <span class='ocrx_word' id='word_1_33' title='bbox 471 660 619 717; x_wconf 84' lang='lat' dir='ltr'>Puteaneo</span> <span class='ocrx_word' id='word_1_34' title='bbox 633 659 795 717; x_wconf 90' lang='lat' dir='ltr'>Heroidum</span> <span class='ocrx_word' id='word_1_35' title='bbox 810 665 837 718; x_wconf 91' lang='lat'>8.</span> <span class='ocrx_word' id='word_1_36' title='bbox 855 665 925 720; x_wconf 88' lang='lat'>111.</span> 
     </span>
    </p>

    <p class='ocr_par' dir='ltr' id='par_1_3' title="bbox 118 758 977 1912">
     <span class='ocr_line' id='line_1_6' title="bbox 161 758 974 837; baseline 0.007 -22"><span class='ocrx_word' id='word_1_37' title='bbox 161 764 188 816; x_wconf 90' lang='grc'>9.</span> <span class='ocrx_word' id='word_1_38' title='bbox 211 765 238 818; x_wconf 89' lang='grc'>8.</span> <span class='ocrx_word' id='word_1_39' title='bbox 261 758 390 816; x_wconf 79' lang='lat' dir='ltr'>Flamma</span> <span class='ocrx_word' id='word_1_40' title='bbox 409 778 458 816; x_wconf 78' lang='lat' dir='ltr'>aee</span> <span class='ocrx_word' id='word_1_41' title='bbox 477 778 509 815; x_wconf 75' lang='lat' dir='ltr'>ex</span> <span class='ocrx_word' id='word_1_42' title='bbox 529 777 612 834; x_wconf 79' lang='lat' dir='ltr'>aequo</span> <span class='ocrx_word' id='word_1_43' title='bbox 632 759 745 817; x_wconf 73' lang='lat' dir='ltr'>ducitur</span> <span class='ocrx_word' id='word_1_44' title='bbox 765 759 824 817; x_wconf 80' lang='lat' dir='ltr'>ulla</span> <span class='ocrx_word' id='word_1_45' title='bbox 843 761 910 837; x_wconf 68' lang='lat' dir='ltr'>iugo</span> <span class='ocrx_word' id='word_1_46' title='bbox 923 762 974 821; x_wconf 90' lang='lat' dir='ltr'>N:</span> 
     </span>
     <span class='ocr_line' id='line_1_7' title="bbox 120 856 977 932; baseline 0.007 -18"><span class='ocrx_word' id='word_1_47' title='bbox 120 859 207 916; x_wconf 75' lang='lat' dir='ltr'>Ferae</span> <span class='ocrx_word' id='word_1_48' title='bbox 222 859 262 928; x_wconf 88' lang='lat' dir='ltr'>H,</span> <span class='ocrx_word' id='word_1_49' title='bbox 278 859 377 931; x_wconf 79' lang='lat' dir='ltr'>vulgo.</span> <span class='ocrx_word' id='word_1_50' title='bbox 420 856 569 930; x_wconf 88' lang='lat' dir='ltr'>Originem</span> <span class='ocrx_word' id='word_1_51' title='bbox 587 857 654 915; x_wconf 88' lang='lat' dir='ltr'>vitii</span> <span class='ocrx_word' id='word_1_52' title='bbox 674 858 751 932; x_wconf 84' lang='lat' dir='ltr'>quod</span> <span class='ocrx_word' id='word_1_53' title='bbox 764 859 842 918; x_wconf 84' lang='lat' dir='ltr'>hune</span> <span class='ocrx_word' id='word_1_54' title='bbox 854 880 977 919; x_wconf 88' lang='lat' dir='ltr'>versum</span> 
     </span>
     <span class='ocr_line' id='line_1_8' title="bbox 119 955 977 1032; baseline 0.006 -19"><span class='ocrx_word' id='word_1_55' title='bbox 119 956 230 1016; x_wconf 83' lang='lat' dir='ltr'>insedit</span> <span class='ocrx_word' id='word_1_56' title='bbox 253 956 330 1013; x_wconf 89' lang='lat' dir='ltr'>illud</span> <span class='ocrx_word' id='word_1_57' title='bbox 346 974 379 1012; x_wconf 75' lang='lat' dir='ltr'>ee</span> <span class='ocrx_word' id='word_1_58' title='bbox 398 975 481 1031; x_wconf 80' lang='lat' dir='ltr'>aequo</span> <span class='ocrx_word' id='word_1_59' title='bbox 501 955 645 1030; x_wconf 88' lang='lat' dir='ltr'>praebuit,</span> <span class='ocrx_word' id='word_1_60' title='bbox 671 957 749 1032; x_wconf 87' lang='lat' dir='ltr'>quod</span> <span class='ocrx_word' id='word_1_61' title='bbox 768 976 835 1015; x_wconf 85' lang='lat' dir='ltr'>anm</span> <span class='ocrx_word' id='word_1_62' title='bbox 860 958 977 1019; x_wconf 87' lang='lat' dir='ltr'>delirus</span> 
     </span>
     <span class='ocr_line' id='line_1_9' title="bbox 120 1053 976 1129; baseline 0.006 -18"><span class='ocrx_word' id='word_1_63' title='bbox 120 1054 214 1113; x_wconf 88' lang='lat' dir='ltr'>scriba</span> <span class='ocrx_word' id='word_1_64' title='bbox 226 1073 286 1112; x_wconf 89' lang='lat' dir='ltr'>non</span> <span class='ocrx_word' id='word_1_65' title='bbox 298 1053 481 1127; x_wconf 78' lang='lat' dir='ltr'>intelligeret</span> <span class='ocrx_word' id='word_1_66' title='bbox 496 1072 549 1129; x_wconf 85' lang='lat' dir='ltr'>per</span> <span class='ocrx_word' id='word_1_67' title='bbox 563 1072 592 1110; x_wconf 92' lang='lat' dir='ltr'>se</span> <span class='ocrx_word' id='word_1_68' title='bbox 607 1053 779 1129; x_wconf 78' lang='lat' dir='ltr'>capiendum</span> <span class='ocrx_word' id='word_1_69' title='bbox 796 1074 858 1113; x_wconf 89' lang='lat' dir='ltr'>esse</span> <span class='ocrx_word' id='word_1_70' title='bbox 870 1075 976 1116; x_wconf 85' lang='lat' dir='ltr'>vocem</span> 
     </span>
     <span class='ocr_line' id='line_1_10' title="bbox 119 1152 973 1228; baseline 0.006 -18"><span class='ocrx_word' id='word_1_71' title='bbox 119 1153 151 1210; x_wconf 90' lang='lat' dir='ltr'>in</span> <span class='ocrx_word' id='word_1_72' title='bbox 159 1154 218 1211; x_wconf 91' lang='lat' dir='ltr'>fine</span> <span class='ocrx_word' id='word_1_73' title='bbox 227 1172 329 1211; x_wconf 90' lang='lat' dir='ltr'>versus</span> <span class='ocrx_word' id='word_1_74' title='bbox 337 1152 458 1211; x_wconf 89' lang='lat' dir='ltr'>refinxit</span> <span class='ocrx_word' id='word_1_75' title='bbox 471 1156 599 1228; x_wconf 81' lang='lat' dir='ltr'>utaequa</span> <span class='ocrx_word' id='word_1_76' title='bbox 613 1153 829 1212; x_wconf 79' lang='lat' dir='ltr'>substantivum</span> <span class='ocrx_word' id='word_1_77' title='bbox 838 1153 973 1215; x_wconf 87' lang='lat' dir='ltr'>haberet.</span> 
     </span>
     <span class='ocr_line' id='line_1_11' title="bbox 121 1252 974 1327; baseline 0.004 -18"><span class='ocrx_word' id='word_1_78' title='bbox 121 1252 186 1316; x_wconf 83' lang='lat' dir='ltr'>Quo</span> <span class='ocrx_word' id='word_1_79' title='bbox 213 1252 245 1308; x_wconf 92' lang='lat' dir='ltr'>in</span> <span class='ocrx_word' id='word_1_80' title='bbox 273 1270 381 1325; x_wconf 85' lang='lat' dir='ltr'>genere</span> <span class='ocrx_word' id='word_1_81' title='bbox 412 1270 500 1327; x_wconf 90' lang='lat' dir='ltr'>quam</span> <span class='ocrx_word' id='word_1_82' title='bbox 528 1271 613 1326; x_wconf 85' lang='lat' dir='ltr'>saepe</span> <span class='ocrx_word' id='word_1_83' title='bbox 644 1252 831 1327; x_wconf 84' lang='lat' dir='ltr'>peccaverint</span> <span class='ocrx_word' id='word_1_84' title='bbox 857 1252 974 1312; x_wconf 84' lang='lat' dir='ltr'>librarii</span> 
     </span>
     <span class='ocr_line' id='line_1_12' title="bbox 119 1349 973 1429; baseline 0.004 -22"><span class='ocrx_word' id='word_1_85' title='bbox 119 1349 221 1420; x_wconf 90' lang='lat' dir='ltr'>nostri,</span> <span class='ocrx_word' id='word_1_86' title='bbox 237 1349 295 1406; x_wconf 88' lang='lat' dir='ltr'>iam</span> <span class='ocrx_word' id='word_1_87' title='bbox 308 1349 353 1406; x_wconf 93' lang='lat' dir='ltr'>nil</span> <span class='ocrx_word' id='word_1_88' title='bbox 367 1368 438 1424; x_wconf 90' lang='lat' dir='ltr'>opus</span> <span class='ocrx_word' id='word_1_89' title='bbox 452 1351 497 1406; x_wconf 92' lang='lat' dir='ltr'>est</span> <span class='ocrx_word' id='word_1_90' title='bbox 510 1349 649 1407; x_wconf 86' lang='lat' dir='ltr'>lectorem</span> <span class='ocrx_word' id='word_1_91' title='bbox 662 1369 787 1408; x_wconf 88' lang='lat' dir='ltr'>monere.</span> <span class='ocrx_word' id='word_1_92' title='bbox 824 1351 873 1408; x_wconf 74' lang='lat' dir='ltr'>Ea</span> <span class='ocrx_word' id='word_1_93' title='bbox 887 1371 973 1429; x_wconf 72' lang='lat' dir='ltr'>aequo</span> 
     </span>
     <span class='ocr_line' id='line_1_13' title="bbox 120 1446 972 1528; baseline 0.006 -24"><span class='ocrx_word' id='word_1_94' title='bbox 120 1466 204 1523; x_wconf 85' lang='lat' dir='ltr'>saepe</span> <span class='ocrx_word' id='word_1_95' title='bbox 228 1446 306 1522; x_wconf 87' lang='lat' dir='ltr'>apud</span> <span class='ocrx_word' id='word_1_96' title='bbox 327 1446 464 1504; x_wconf 86' lang='lat' dir='ltr'>Ovidium</span> <span class='ocrx_word' id='word_1_97' title='bbox 488 1447 694 1506; x_wconf 80' lang='lat' dir='ltr'>adverbialiter</span> <span class='ocrx_word' id='word_1_98' title='bbox 716 1449 797 1522; x_wconf 81' lang='lat' dir='ltr'>legas</span> <span class='ocrx_word' id='word_1_99' title='bbox 816 1449 861 1526; x_wconf 79' lang='grc' dir='ltr'>(ἐξ</span> <span class='ocrx_word' id='word_1_100' title='bbox 878 1449 972 1528; x_wconf 81' lang='grc' dir='ltr'>ἴσου).</span> 
     </span>
     <span class='ocr_line' id='line_1_14' title="bbox 120 1544 973 1624; baseline 0.005 -21"><span class='ocrx_word' id='word_1_101' title='bbox 120 1545 199 1610; x_wconf 79' lang='lat' dir='ltr'>Quid</span> <span class='ocrx_word' id='word_1_102' title='bbox 224 1564 277 1621; x_wconf 90' lang='lat' dir='ltr'>pro</span> <span class='ocrx_word' id='word_1_103' title='bbox 297 1547 361 1620; x_wconf 67' lang='lat' dir='ltr'>iugo</span> <span class='ocrx_word' id='word_1_104' title='bbox 382 1544 438 1620; x_wconf 85' lang='lat' dir='ltr'>(eoo</span> <span class='ocrx_word' id='word_1_105' title='bbox 452 1544 665 1618; x_wconf 85' lang='lat' dir='ltr'>Groninganus,</span> <span class='ocrx_word' id='word_1_106' title='bbox 686 1565 750 1622; x_wconf 72' lang='lat' dir='ltr'>repo</span> <span class='ocrx_word' id='word_1_107' title='bbox 765 1547 849 1624; x_wconf 89' lang='lat' dir='ltr'>Itali)</span> <span class='ocrx_word' id='word_1_108' title='bbox 869 1548 973 1623; x_wconf 90' lang='lat' dir='ltr'>legen-</span> 
     </span>
     <span class='ocr_line' id='line_1_15' title="bbox 119 1644 973 1722; baseline 0.004 -20"><span class='ocrx_word' id='word_1_109' title='bbox 119 1645 190 1702; x_wconf 89' lang='lat' dir='ltr'>dum</span> <span class='ocrx_word' id='word_1_110' title='bbox 211 1644 250 1703; x_wconf 90' lang='lat' dir='ltr'>sit</span> <span class='ocrx_word' id='word_1_111' title='bbox 269 1644 391 1702; x_wconf 89' lang='lat' dir='ltr'>dubium</span> <span class='ocrx_word' id='word_1_112' title='bbox 411 1647 474 1702; x_wconf 92' lang='lat' dir='ltr'>est:</span> <span class='ocrx_word' id='word_1_113' title='bbox 497 1645 568 1702; x_wconf 72' lang='lat' dir='ltr'>airis</span> <span class='ocrx_word' id='word_1_114' title='bbox 587 1645 665 1719; x_wconf 87' lang='lat' dir='ltr'>quod</span> <span class='ocrx_word' id='word_1_115' title='bbox 684 1644 716 1702; x_wconf 91' lang='lat' dir='ltr'>in</span> <span class='ocrx_word' id='word_1_116' title='bbox 735 1649 853 1704; x_wconf 83' lang='lat' dir='ltr'>textum</span> <span class='ocrx_word' id='word_1_117' title='bbox 871 1647 973 1722; x_wconf 80' lang='lat' dir='ltr'>recepi</span> 
     </span>
     <span class='ocr_line' id='line_1_16' title="bbox 118 1741 971 1818; baseline 0.005 -18"><span class='ocrx_word' id='word_1_118' title='bbox 118 1743 215 1801; x_wconf 84' lang='lat' dir='ltr'>facilis</span> <span class='ocrx_word' id='word_1_119' title='bbox 229 1741 391 1800; x_wconf 87' lang='lat' dir='ltr'>emendatio</span> <span class='ocrx_word' id='word_1_120' title='bbox 402 1745 456 1800; x_wconf 89' lang='lat' dir='ltr'>est.</span> <span class='ocrx_word' id='word_1_121' title='bbox 479 1741 564 1806; x_wconf 80' lang='lat' dir='ltr'>Quod</span> <span class='ocrx_word' id='word_1_122' title='bbox 575 1742 600 1800; x_wconf 88' lang='lat' dir='ltr'>si</span> <span class='ocrx_word' id='word_1_123' title='bbox 609 1742 710 1818; x_wconf 88' lang='lat' dir='ltr'>paullo</span> <span class='ocrx_word' id='word_1_124' title='bbox 720 1743 860 1802; x_wconf 84' lang='lat' dir='ltr'>audacius</span> <span class='ocrx_word' id='word_1_125' title='bbox 872 1745 971 1804; x_wconf 83' lang='lat' dir='ltr'>locum</span> 
     </span>
     <span class='ocr_line' id='line_1_17' title="bbox 118 1839 913 1912; baseline 0.005 -14"><span class='ocrx_word' id='word_1_126' title='bbox 118 1845 276 1900; x_wconf 85' lang='lat' dir='ltr'>retractare</span> <span class='ocrx_word' id='word_1_127' title='bbox 290 1839 525 1912; x_wconf 82' lang='lat' dir='ltr'>mavis,’i0rtasse</span> <span class='ocrx_word' id='word_1_128' title='bbox 538 1861 597 1899; x_wconf 89' lang='lat' dir='ltr'>non</span> <span class='ocrx_word' id='word_1_129' title='bbox 611 1843 750 1901; x_wconf 89' lang='lat' dir='ltr'>absonum</span> <span class='ocrx_word' id='word_1_130' title='bbox 764 1842 913 1902; x_wconf 89' lang='lat' dir='ltr'>videbitur</span> 
     </span>
    </p>

    <p class='ocr_par' dir='ltr' id='par_1_4' title="bbox 112 1939 972 2604">
     <span class='ocr_line' id='line_1_18' title="bbox 157 1939 972 2014; baseline 0.006 -18"><span class='ocrx_word' id='word_1_131' title='bbox 157 1939 293 1997; x_wconf 87' lang='lat' dir='ltr'>Plaustra</span> <span class='ocrx_word' id='word_1_132' title='bbox 302 1958 356 1997; x_wconf 86' lang='lat' dir='ltr'>nee</span> <span class='ocrx_word' id='word_1_133' title='bbox 369 1958 407 1996; x_wconf 90' lang='lat' dir='ltr'>ex</span> <span class='ocrx_word' id='word_1_134' title='bbox 418 1958 510 2014; x_wconf 85' lang='lat' dir='ltr'>aequo</span> <span class='ocrx_word' id='word_1_135' title='bbox 521 1939 611 2010; x_wconf 87' lang='lat' dir='ltr'>dueis,</span> <span class='ocrx_word' id='word_1_136' title='bbox 628 1941 725 2012; x_wconf 88' lang='lat' dir='ltr'>aselle,</span> <span class='ocrx_word' id='word_1_137' title='bbox 738 1940 816 2014; x_wconf 88' lang='lat' dir='ltr'>iugo.</span> <span class='ocrx_word' id='word_1_138' title='bbox 832 1942 972 2002; x_wconf 75' lang='lat' dir='ltr'>Plaustra</span> 
     </span>
     <span class='ocr_line' id='line_1_19' title="bbox 117 2037 971 2114; baseline 0.006 -19"><span class='ocrx_word' id='word_1_139' title='bbox 117 2038 149 2095; x_wconf 89' lang='lat' dir='ltr'>in</span> <span class='ocrx_word' id='word_1_140' title='bbox 161 2039 280 2114; x_wconf 60' lang='lat' dir='ltr'>flaviana</span> <span class='ocrx_word' id='word_1_141' title='bbox 298 2038 331 2094; x_wconf 92' lang='lat' dir='ltr'>in</span> <span class='ocrx_word' id='word_1_142' title='bbox 350 2037 379 2095; x_wconf 99' lang='lat' dir='ltr'>N</span> <span class='ocrx_word' id='word_1_143' title='bbox 400 2040 570 2112; x_wconf 79' lang='lat' dir='ltr'>corruptum</span> <span class='ocrx_word' id='word_1_144' title='bbox 591 2042 635 2096; x_wconf 86' lang='lat' dir='ltr'>est</span> <span class='ocrx_word' id='word_1_145' title='bbox 657 2043 683 2094; x_wconf 91' lang='lat'>3.</span> <span class='ocrx_word' id='word_1_146' title='bbox 700 2043 727 2095; x_wconf 82' lang='lat'>5.</span> <span class='ocrx_word' id='word_1_147' title='bbox 744 2044 801 2096; x_wconf 82' lang='lat'>35:</span> <span class='ocrx_word' id='word_1_148' title='bbox 825 2045 855 2098; x_wconf 89' lang='lat' dir='ltr'>et</span> <span class='ocrx_word' id='word_1_149' title='bbox 873 2041 971 2100; x_wconf 79' lang='lat' dir='ltr'>ducere</span> 
     </span>
     <span class='ocr_line' id='line_1_20' title="bbox 118 2136 970 2211; baseline 0.004 -17"><span class='ocrx_word' id='word_1_150' title='bbox 118 2138 154 2194; x_wconf 92' lang='lat' dir='ltr'>de</span> <span class='ocrx_word' id='word_1_151' title='bbox 181 2136 320 2195; x_wconf 89' lang='lat' dir='ltr'>iumentis</span> <span class='ocrx_word' id='word_1_152' title='bbox 347 2139 426 2193; x_wconf 85' lang='lat' dir='ltr'>recte</span> <span class='ocrx_word' id='word_1_153' title='bbox 452 2140 613 2211; x_wconf 89' lang='lat' dir='ltr'>usurpatur</span> <span class='ocrx_word' id='word_1_154' title='bbox 640 2141 667 2193; x_wconf 82' lang='lat'>2.</span> <span class='ocrx_word' id='word_1_155' title='bbox 698 2142 746 2194; x_wconf 84' lang='lat'>25.</span> <span class='ocrx_word' id='word_1_156' title='bbox 777 2143 804 2195; x_wconf 90' lang='grc'>6.</span> <span class='ocrx_word' id='word_1_157' title='bbox 845 2138 970 2198; x_wconf 83' lang='lat' dir='ltr'>Prover-</span> 
     </span>
     <span class='ocr_line' id='line_1_21' title="bbox 116 2236 970 2313; baseline 0.002 -17"><span class='ocrx_word' id='word_1_158' title='bbox 116 2237 197 2296; x_wconf 90' lang='lat' dir='ltr'>bium</span> <span class='ocrx_word' id='word_1_159' title='bbox 212 2238 354 2296; x_wconf 80' lang='lat' dir='ltr'>Graecum</span> <span class='ocrx_word' id='word_1_160' title='bbox 368 2237 438 2294; x_wconf 91' lang='lat' dir='ltr'>olim</span> <span class='ocrx_word' id='word_1_161' title='bbox 446 2236 536 2294; x_wconf 79' lang='lat' dir='ltr'>fuisse</span> <span class='ocrx_word' id='word_1_162' title='bbox 551 2237 680 2313; x_wconf 86' lang='lat' dir='ltr'>suspicor</span> <span class='ocrx_word' id='word_1_163' title='bbox 693 2239 767 2295; x_wconf 82' lang='lat' dir='ltr'>hano</span> <span class='ocrx_word' id='word_1_164' title='bbox 781 2239 829 2297; x_wconf 84' lang='lat' dir='ltr'>vel</span> <span class='ocrx_word' id='word_1_165' title='bbox 843 2239 970 2298; x_wconf 86' lang='lat' dir='ltr'>similem</span> 
     </span>
     <span class='ocr_line' id='line_1_22' title="bbox 116 2333 970 2417; baseline 0.006 -25"><span class='ocrx_word' id='word_1_166' title='bbox 116 2335 239 2392; x_wconf 80' lang='lat' dir='ltr'>formam</span> <span class='ocrx_word' id='word_1_167' title='bbox 252 2335 379 2392; x_wconf 83' lang='lat' dir='ltr'>habens:</span> <span class='ocrx_word' id='word_1_168' title='bbox 396 2333 526 2409; x_wconf 78' lang='grc' dir='ltr'>Ἄμαξαν</span> <span class='ocrx_word' id='word_1_169' title='bbox 540 2337 593 2414; x_wconf 80' lang='grc' dir='ltr'>οὐχ</span> <span class='ocrx_word' id='word_1_170' title='bbox 608 2335 742 2394; x_wconf 79' lang='grc' dir='ltr'>ἕλκουσιν</span> <span class='ocrx_word' id='word_1_171' title='bbox 756 2336 787 2405; x_wconf 80' lang='grc' dir='ltr'>ἐξ</span> <span class='ocrx_word' id='word_1_172' title='bbox 800 2336 866 2395; x_wconf 78' lang='grc' dir='ltr'>ἴσου</span> <span class='ocrx_word' id='word_1_173' title='bbox 880 2338 970 2417; x_wconf 76' lang='grc' dir='ltr'>ζύγου</span> 
     </span>
     <span class='ocr_line' id='line_1_23' title="bbox 112 2431 969 2514; baseline 0.009 -25"><span class='ocrx_word' id='word_1_174' title='bbox 112 2431 199 2492; x_wconf 84' lang='grc' dir='ltr'>Ὀνος</span> <span class='ocrx_word' id='word_1_175' title='bbox 211 2431 298 2489; x_wconf 88' lang='grc' dir='ltr'>τεκαὶ</span> <span class='ocrx_word' id='word_1_176' title='bbox 310 2433 393 2506; x_wconf 82' lang='grc' dir='ltr'>βοῦς.</span> <span class='ocrx_word' id='word_1_177' title='bbox 417 2433 461 2490; x_wconf 80' lang='lat' dir='ltr'>Cf.</span> <span class='ocrx_word' id='word_1_178' title='bbox 477 2433 575 2492; x_wconf 84' lang='lat' dir='ltr'>Plaut.</span> <span class='ocrx_word' id='word_1_179' title='bbox 592 2434 662 2492; x_wconf 83' lang='lat' dir='ltr'>Aul.</span> <span class='ocrx_word' id='word_1_180' title='bbox 673 2439 701 2492; x_wconf 85' lang='lat'>2.</span> <span class='ocrx_word' id='word_1_181' title='bbox 714 2440 742 2492; x_wconf 83' lang='lat'>2.</span> <span class='ocrx_word' id='word_1_182' title='bbox 757 2440 803 2493; x_wconf 83' lang='lat'>52.</span> <span class='ocrx_word' id='word_1_183' title='bbox 833 2437 969 2514; x_wconf 77' lang='lat' dir='ltr'>Utraque</span> 
     </span>
     <span class='ocr_line' id='line_1_24' title="bbox 117 2529 739 2604; baseline 0.01 -19"><span class='ocrx_word' id='word_1_184' title='bbox 117 2529 285 2586; x_wconf 85' lang='lat' dir='ltr'>eonieetura</span> <span class='ocrx_word' id='word_1_185' title='bbox 297 2533 401 2604; x_wconf 87' lang='lat' dir='ltr'>poetae</span> <span class='ocrx_word' id='word_1_186' title='bbox 416 2532 578 2590; x_wconf 88' lang='lat' dir='ltr'>sententiae</span> <span class='ocrx_word' id='word_1_187' title='bbox 593 2533 739 2593; x_wconf 79' lang='lat' dir='ltr'>convenit.</span> 
     </span>
    </p>

    <p class='ocr_par' dir='ltr' id='par_1_5' title="bbox 157 2627 925 2706">
     <span class='ocr_line' id='line_1_25' title="bbox 157 2627 925 2706; baseline 0.01 -23"><span class='ocrx_word' id='word_1_188' title='bbox 157 2632 183 2683; x_wconf 88' lang='lat'>9.</span> <span class='ocrx_word' id='word_1_189' title='bbox 208 2632 253 2684; x_wconf 90' lang='lat'>10.</span> <span class='ocrx_word' id='word_1_190' title='bbox 276 2627 387 2685; x_wconf 71' lang='lat' dir='ltr'>salernis</span> <span class='ocrx_word' id='word_1_191' title='bbox 401 2629 439 2686; x_wconf 88' lang='lat' dir='ltr'>N.</span> <span class='ocrx_word' id='word_1_192' title='bbox 501 2636 546 2690; x_wconf 93' lang='lat' dir='ltr'>ll.</span> <span class='ocrx_word' id='word_1_193' title='bbox 562 2634 654 2705; x_wconf 77' lang='lat' dir='ltr'>poerit</span> <span class='ocrx_word' id='word_1_194' title='bbox 668 2631 705 2702; x_wconf 90' lang='lat' dir='ltr'>N,</span> <span class='ocrx_word' id='word_1_195' title='bbox 715 2634 809 2705; x_wconf 77' lang='lat' dir='ltr'>ponit,</span> <span class='ocrx_word' id='word_1_196' title='bbox 825 2633 925 2706; x_wconf 80' lang='lat' dir='ltr'>vulgo.</span> 
     </span>
    </p>

    <p class='ocr_par' dir='ltr' id='par_1_6' title="bbox 107 2728 965 3001">
     <span class='ocr_line' id='line_1_26' title="bbox 155 2728 965 2802; baseline 0.01 -19"><span class='ocrx_word' id='word_1_197' title='bbox 155 2733 182 2783; x_wconf 83' lang='lat'>9.</span> <span class='ocrx_word' id='word_1_198' title='bbox 207 2732 252 2784; x_wconf 85' lang='lat'>13.</span> <span class='ocrx_word' id='word_1_199' title='bbox 275 2728 372 2784; x_wconf 70' lang='lat' dir='ltr'>addita</span> <span class='ocrx_word' id='word_1_200' title='bbox 379 2728 488 2802; x_wconf 82' lang='lat' dir='ltr'>formae</span> <span class='ocrx_word' id='word_1_201' title='bbox 502 2729 540 2788; x_wconf 89' lang='lat' dir='ltr'>N.</span> <span class='ocrx_word' id='word_1_202' title='bbox 563 2730 657 2787; x_wconf 78' lang='lat' dir='ltr'>abdita</span> <span class='ocrx_word' id='word_1_203' title='bbox 671 2730 825 2789; x_wconf 87' lang='lat' dir='ltr'>Fruterius</span> <span class='ocrx_word' id='word_1_204' title='bbox 836 2738 903 2789; x_wconf 88' lang='lat' dir='ltr'>ante</span> <span class='ocrx_word' id='word_1_205' title='bbox 918 2733 965 2792; x_wconf 88' lang='lat' dir='ltr'>ed.</span> 
     </span>
     <span class='ocr_line' id='line_1_27' title="bbox 107 2813 963 2904; baseline 0.006 -19"><span class='ocrx_word' id='word_1_206' title='bbox 107 2828 189 2902; x_wconf 78' lang='lat' dir='ltr'>sema</span> <span class='ocrx_word' id='word_1_207' title='bbox 204 2828 248 2886; x_wconf 90' lang='lat' dir='ltr'>ed.</span> <span class='ocrx_word' id='word_1_208' title='bbox 293 2827 355 2883; x_wconf 83' lang='lat' dir='ltr'>‘Ex</span> <span class='ocrx_word' id='word_1_209' title='bbox 370 2813 549 2901; x_wconf 82' lang='lat' dir='ltr'>argumentis</span> <span class='ocrx_word' id='word_1_210' title='bbox 564 2829 804 2904; x_wconf 86' lang='lat' dir='ltr'>exquisitioribus</span> <span class='ocrx_word' id='word_1_211' title='bbox 819 2832 963 2890; x_wconf 87' lang='lat' dir='ltr'>Mentoris</span> 
     </span>
     <span class='ocr_line' id='line_1_28' title="bbox 112 2925 922 3001; baseline 0.005 -18"><span class='ocrx_word' id='word_1_212' title='bbox 112 2926 191 2984; x_wconf 83' lang='lat' dir='ltr'>fama</span> <span class='ocrx_word' id='word_1_213' title='bbox 210 2925 338 3001; x_wconf 68' lang='lat' dir='ltr'>pendet!</span> <span class='ocrx_word' id='word_1_214' title='bbox 597 2933 623 2985; x_wconf 88' lang='lat'>9.</span> <span class='ocrx_word' id='word_1_215' title='bbox 649 2932 694 2985; x_wconf 87' lang='lat'>14.</span> <span class='ocrx_word' id='word_1_216' title='bbox 715 2929 768 2986; x_wconf 77' lang='lat' dir='ltr'>Aa</span> <span class='ocrx_word' id='word_1_217' title='bbox 780 2948 871 2987; x_wconf 75' lang='lat' dir='ltr'>muros</span> <span class='ocrx_word' id='word_1_218' title='bbox 885 2931 922 2987; x_wconf 87' lang='lat' dir='ltr'>N.</span> 
     </span>
    </p>
   </div>
   <div class='ocr_carea' id='block_1_3' title="bbox 112 3025 967 3203">
    <p class='ocr_par' dir='ltr' id='par_1_7' title="bbox 112 3025 967 3203">
     <span class='ocr_line' id='line_1_29' title="bbox 154 3025 967 3105; baseline 0.009 -25"><span class='ocrx_word' id='word_1_219' title='bbox 154 3029 181 3081; x_wconf 91' lang='lat'>9.</span> <span class='ocrx_word' id='word_1_220' title='bbox 204 3029 252 3100; x_wconf 72' lang='lat'>21).</span> <span class='ocrx_word' id='word_1_221' title='bbox 274 3025 473 3102; x_wconf 79' lang='lat' dir='ltr'>sequiturN(?</span> <span class='ocrx_word' id='word_1_222' title='bbox 482 3028 621 3102; x_wconf 77' lang='lat' dir='ltr'>sequimur</span> <span class='ocrx_word' id='word_1_223' title='bbox 630 3048 685 3085; x_wconf 90' lang='lat' dir='ltr'>ma.</span> <span class='ocrx_word' id='word_1_224' title='bbox 692 3029 803 3105; x_wconf 81' lang='lat' dir='ltr'>pr,)H.</span> <span class='ocrx_word' id='word_1_225' title='bbox 825 3032 967 3105; x_wconf 80' lang='lat' dir='ltr'>sequimur</span> 
     </span>
     <span class='ocr_line' id='line_1_30' title="bbox 112 3125 967 3203; baseline 0.008 -22"><span class='ocrx_word' id='word_1_226' title='bbox 112 3125 325 3182; x_wconf 87' lang='lat' dir='ltr'>Broukhusius.</span> <span class='ocrx_word' id='word_1_227' title='bbox 367 3125 476 3184; x_wconf 80' lang='lat' dir='ltr'>Recte:</span> <span class='ocrx_word' id='word_1_228' title='bbox 499 3129 613 3203; x_wconf 76' lang='lat' dir='ltr'>quisque</span> <span class='ocrx_word' id='word_1_229' title='bbox 636 3129 713 3186; x_wconf 89' lang='lat' dir='ltr'>enim</span> <span class='ocrx_word' id='word_1_230' title='bbox 732 3129 760 3186; x_wconf 91' lang='lat' dir='ltr'>N</span> <span class='ocrx_word' id='word_1_231' title='bbox 782 3130 910 3188; x_wconf 79' lang='lat' dir='ltr'>mutarit</span> <span class='ocrx_word' id='word_1_232' title='bbox 933 3130 967 3188; x_wconf 91' lang='lat' dir='ltr'>in</span> 
     </span>
    </p>
   </div>
   <div class='ocr_carea' id='block_1_4' title="bbox 111 3223 949 3398">
    <p class='ocr_par' dir='ltr' id='par_1_8' title="bbox 111 3223 949 3398">
     <span class='ocr_line' id='line_1_31' title="bbox 111 3223 949 3304; baseline 0.01 -23"><span class='ocrx_word' id='word_1_233' title='bbox 111 3242 239 3300; x_wconf 78' lang='lat' dir='ltr'>quaeqae,</span> <span class='ocrx_word' id='word_1_234' title='bbox 256 3223 333 3298; x_wconf 83' lang='lat' dir='ltr'>quod</span> <span class='ocrx_word' id='word_1_235' title='bbox 349 3227 421 3298; x_wconf 88' lang='lat' dir='ltr'>puto</span> <span class='ocrx_word' id='word_1_236' title='bbox 439 3243 498 3281; x_wconf 91' lang='lat' dir='ltr'>non</span> <span class='ocrx_word' id='word_1_237' title='bbox 511 3225 629 3284; x_wconf 86' lang='lat' dir='ltr'>iecisset</span> <span class='ocrx_word' id='word_1_238' title='bbox 643 3227 667 3284; x_wconf 91' lang='lat' dir='ltr'>si</span> <span class='ocrx_word' id='word_1_239' title='bbox 681 3230 806 3304; x_wconf 74' lang='lat' dir='ltr'>seqnitur</span> <span class='ocrx_word' id='word_1_240' title='bbox 819 3229 949 3303; x_wconf 85' lang='lat' dir='ltr'>legisset.</span> 
     </span>
     <span class='ocr_line' id='line_1_32' title="bbox 154 3323 485 3398; baseline 0.006 -18"><span class='ocrx_word' id='word_1_241' title='bbox 154 3328 180 3381; x_wconf 87' lang='grc'>9.</span> <span class='ocrx_word' id='word_1_242' title='bbox 204 3327 251 3381; x_wconf 83' lang='grc'>21.</span> <span class='ocrx_word' id='word_1_243' title='bbox 272 3324 377 3397; x_wconf 73' lang='lat' dir='ltr'>recepti</span> <span class='ocrx_word' id='word_1_244' title='bbox 388 3323 426 3395; x_wconf 90' lang='lat' dir='ltr'>N,</span> <span class='ocrx_word' id='word_1_245' title='bbox 441 3343 485 3398; x_wconf 91' lang='lat' dir='ltr'>pr.</span> 
     </span>
    </p>
   </div>
   <div class='ocr_carea' id='block_1_5' title="bbox 0 0 1088 3720">
    <p class='ocr_par' dir='ltr' id='par_1_9' title="bbox 0 0 1088 3720">
     <span class='ocr_line' id='line_1_33' title="bbox 0 0 1088 3720; baseline 0 2"><span class='ocrx_word' id='word_1_246' title='bbox 0 0 1088 3720; x_wconf 95' lang='lat' dir='ltr'> </span> 
     </span>
    </p>
   </div>
  </div>
 </body>
</html>
