2168 3720
114 222 169 277 100
277 217 496 279 PROPERTII
516 221 577 280 ΕΒ.
598 221 662 293 ΠΙ,
688 225 733 278 18.
752 225 797 279 19.

152 377 273 436 Atridae
286 396 391 452 magno
405 397 472 437 cum
485 379 570 458 stetit
582 380 657 438 alter
671 399 760 437 amor,
931 385 969 438 30

112 477 154 534 At
167 476 232 548 tibi,
248 480 339 535 nauta
351 476 414 552 pias
427 477 579 536 hominum
592 477 644 555 qui
657 476 756 537 traicit
769 479 897 551 umbras,

90 573 95 584 '
152 575 217 633 Hac
231 575 345 634 animae
358 580 456 652 portet
470 597 574 653 corpus
587 577 674 636 inane
687 597 765 656 auae,

114 675 179 740 Qua
193 675 308 734 Siculae
322 675 416 735 victor
428 675 545 735 telluris
558 676 699 735 Claudius
713 679 743 735 et
756 695 815 753 qua

153 775 258 834 Caesar
270 777 306 834 ab
319 777 448 834 humana
461 774 548 833 cessit
560 774 593 832 in
605 779 683 833 astra
697 774 754 834 via.

509 971 572 1010 m.

115 1071 250 1130 Obicitur
262 1072 371 1131 totiens
385 1090 402 1129 a
415 1074 446 1130 te
459 1070 532 1129 mihi
545 1073 645 1130 nostra
657 1071 765 1129 libido:

154 1171 245 1229 Crede
258 1170 340 1243 mihi,
356 1169 438 1229 vobis
451 1169 577 1247 imperat
589 1170 647 1230 ista
659 1169 761 1244 magis.

115 1271 183 1341 Vos,
199 1270 251 1328 ubi
265 1269 425 1346 contempti
437 1269 560 1346 rupistis
573 1269 658 1329 irena
670 1268 798 1346 pudoris,

155 1368 284 1429 Nescitis
298 1371 399 1445 captae
412 1367 519 1427 mentis
532 1370 639 1428 habere
651 1369 778 1427 modum.

115 1469 247 1526 Flamma
259 1488 312 1544 per
323 1468 456 1526 incensas
470 1467 558 1527 citius
572 1468 689 1527 sedetur
702 1467 813 1541 aristas,
953 1474 970 1525 5

155 1567 351 1642 Fluminaque
364 1567 401 1625 ad
413 1566 505 1625 fontis
519 1566 579 1625 sint
591 1565 723 1626 reditura
736 1569 834 1643 caput,

115 1666 156 1724 Et
168 1666 316 1742 placidum
331 1665 434 1743 Syrtes
446 1669 564 1742 portum
578 1670 608 1725 et
621 1668 697 1725 bona
709 1666 797 1725 litora
810 1667 912 1726 nautis

155 1766 298 1824 Praebeat
310 1765 436 1842 hospitio
450 1784 536 1823 saeva
548 1765 646 1824 Malea
659 1785 720 1836 suo,

117 1864 212 1929 Quam
224 1863 317 1940 possit
329 1867 441 1923 uestros
455 1863 611 1941 quisquam
623 1864 835 1941 reprehendere
848 1883 951 1924 cursus

156 1964 196 2022 Et
208 1961 326 2039 rapidae
340 1962 473 2021 stimulos
485 1961 621 2037 frangere
633 1961 793 2038 nequitiae.
935 1968 969 2020 10

117 2062 221 2134 Testis,
238 2061 352 2122 Cretaei
364 2061 458 2120 fastus
472 2080 546 2138 quae
559 2081 643 2138 passa
655 2061 773 2121 iuvenci

157 2162 261 2222 Induit
274 2162 407 2236 abiegnae
421 2181 528 2220 cornua
540 2161 615 2220 falsa
628 2161 729 2220 bovis:

118 2262 213 2322 Testis
226 2262 391 2321 Thessalico
404 2261 530 2335 flagrans
544 2260 688 2319 Salmonis
702 2260 823 2337 Enipeo,

158 2361 239 2426 Quae
252 2361 349 2420 voluit
361 2359 474 2437 liquido
488 2363 552 2420 tota
565 2359 663 2419 subire
676 2360 738 2418 dec.

119 2461 235 2520 Crimen
248 2464 279 2519 et
292 2460 345 2517 illa
358 2459 418 2518 fuit
430 2459 527 2535 patria
541 2478 679 2518 succensa
692 2463 808 2517 senecta
936 2465 971 2517 15

158 2558 279 2617 Arboris
291 2557 324 2616 in
335 2558 454 2617 frondes
468 2557 585 2617 condita
597 2558 720 2635 Myrrha
732 2577 831 2616 norae.
879 2590 883 2597 «

119 2659 195 2717 Nam
209 2657 281 2735 quid
293 2657 414 2716 Medeae
428 2657 553 2716 referam
566 2677 624 2733 quo
637 2662 768 2732 tempore
781 2656 884 2716 matris

158 2759 239 2816 Iram
252 2759 389 2816 natorum
402 2757 488 2815 caede
500 2756 595 2833 piavit
608 2756 711 2816 amor?

120 2855 233 2921 Quidve
248 2855 495 2933 Clytaemestram,
511 2859 631 2931 propter
645 2875 733 2932 quam
745 2858 809 2914 tota
825 2855 960 2932 Mycenis

159 2955 283 3014 Infamia
297 2958 397 3032 stupro
412 2958 470 3014 stat
483 2955 609 3031 Pelopea
622 2953 748 3013 domus?
935 2959 972 3011 20

120 3055 217 3132 Teque
230 3075 247 3113 o
260 3055 361 3113 Minoa
373 3054 550 3125 venundata,
567 3054 675 3130 Scylla,
690 3054 794 3128 figura,

159 3156 293 3214 Tendens
306 3173 453 3231 purpurea
464 3173 555 3228 regna
567 3161 691 3229 paterna
703 3172 784 3212 coma
794 3152 808 3210 l

119 3255 206 3312 Hanc
219 3254 311 3329 igitur
324 3254 422 3313 dotem
434 3252 516 3327 virgo
530 3252 722 3329 desponderat
734 3251 829 3310 hosti!

159 3352 240 3425 Nise,
255 3356 323 3412 tuas
335 3356 433 3431 portas
445 3352 549 3412 fraude
562 3352 683 3412 reclusit
695 3351 795 3410 Amor.
