2168 3720
415 179 419 184 *
451 208 576 266 LIBER
597 210 643 268 II.
912 230 976 267 xxv

112 362 247 421 custodit
264 363 342 422 enim
358 365 468 423 lectum
482 366 634 442 Propertio
655 367 716 425 uni.
759 367 804 426 cf.
820 373 847 425 2.
866 372 911 425 18.
928 373 975 424 ³5.

112 463 186 537 Ipse
209 465 282 520 tuus
305 482 418 539 semper
444 465 501 523 tibi
530 465 569 524 sit
596 465 727 524 custodia
753 466 856 523 lectus.
899 465 976 522 Olim

114 560 317 620 conieceram:
341 567 449 621 coactae
464 569 537 622 cocto
551 563 664 623 deludor
678 582 777 623 amore.

156 664 206 716 29.
229 664 276 717 42.
297 680 353 718 non
366 661 404 720 N.
600 667 711 721 30.15.
733 667 883 720 onerantur
896 663 933 719 N.

157 763 207 816 30.
232 764 277 816 19.
299 759 364 818 Non
385 765 474 818 tamen
495 761 631 820 immerito
652 760 689 819 N.
731 761 816 819 Nunc
829 763 885 819 iam
903 763 975 819 dura

115 859 200 917 codd.
221 858 351 934 plurimi.
379 860 458 919 Num
472 861 528 918 iam
543 861 692 934 Scaliger:
710 862 777 919 dure
790 862 878 920 multi
892 863 973 921 codd.

115 961 209 1017 recte.
253 958 290 1016 Se
304 947 401 1034 ipsum
415 959 585 1036 adloquitur
598 964 694 1036 poeta.

158 1061 206 1114 30.
229 1061 276 1114 20.
298 1063 364 1116 nota
396 1058 476 1116 libri.
515 1062 605 1116 nauto
641 1057 857 1132 Hertzbergius
889 1057 974 1115 facili

116 1156 329 1214 emendatione.
369 1157 579 1217 rauccldunro.

159 1259 207 1312 30.
229 1259 277 1314 26.
299 1255 410 1313 Borida
420 1255 459 1313 N.

158 1357 206 1413 31.
229 1358 257 1411 3.
280 1354 371 1412 Tanta
391 1354 429 1426 N,
454 1354 533 1429 quod
555 1354 688 1412 servavi:
715 1353 850 1429 ίέΙινοτιρΙι
872 1354 913 1411 all
936 1355 973 1411 ita

116 1453 232 1528 lecyti!
274 1454 343 1513 Toto
355 1454 395 1525 H,
412 1455 511 1528 vulgo.
553 1453 683 1512 columble
700 1455 738 1511 N.

158 1557 205 1610 31.
228 1557 296 1612 5-9.
317 1556 383 1629 post
399 1557 434 1611 16
449 1553 667 1611 collocaverunt
680 1549 784 1611 Hertz.
796 1551 857 1611 alii.

158 1655 206 1710 31.
229 1656 257 1710 5.
279 1651 358 1709 Olim
392 1651 570 1709 conieceram
595 1651 657 1709 Eu
686 1651 810 1709 Phoebus
845 1650 971 1709 Phoebo:

117 1749 255 1808 Phoebus
284 1749 362 1808 enim
389 1741 509 1825 propter
532 1749 638 1808 Phoebo
661 1750 694 1807 in
717 1750 853 1826 sequenti
874 1749 972 1808 omitti

115 1852 248 1924 poterat3
263 1852 293 1907 ct
306 1850 427 1925 equidem
438 1850 629 1908 attribuerem
637 1850 756 1908 librario
770 1851 905 1907 lacunam
920 1869 970 1906 cx-

116 1947 222 2022 plenti.
272 1948 372 2006 Huius
394 1947 578 2006 coniecturae
601 1948 732 2005 nondum
752 1967 799 2005 me
818 1947 969 2022 poenitet:

115 2047 230 2104 laborat
257 2046 335 2104 enim
360 2066 471 2117 versus,
502 2065 569 2103 cum
596 2049 716 2121 propter
742 2046 864 2122 equidem
891 2046 969 2120 quod

116 2143 263 2224 Propertii
285 2145 420 2220 aequales
445 2164 512 2201 cum
534 2144 629 2220 prima
653 2163 775 2218 persona
796 2143 969 2219 plerumque

115 2243 287 2316 iungebant,
316 2247 382 2301 tum
401 2243 471 2320 quia
491 2262 656 2302 marmoreae
677 2241 859 2300 substantivo
880 2247 969 2300 caret.

117 2341 176 2398 Sed
194 2340 271 2397 malo
284 2359 402 2415 peccare
423 2341 569 2400 codicibus
589 2343 720 2412 haerens,
738 2344 768 2399 et
785 2359 844 2397 non
857 2342 970 2414 negabo

116 2437 302 2513 Propertium
315 2438 444 2513 potuisse
458 2439 553 2498 dicere
562 2440 683 2515 equidem
696 2441 771 2497 ciacc
784 2443 824 2496 cet
834 2438 905 2496 mlle·
917 2458 969 2513 pro

115 2538 239 2612 equidem
258 2536 399 2612 putabam,
423 2559 477 2597 nec
495 2538 618 2597 Phoebus
642 2558 681 2597 ex
705 2538 839 2614 sequenti
851 2538 966 2609 Phoebo,

117 2637 252 2712 quamvis
266 2656 360 2710 aegre,
377 2637 507 2712 suppleri
520 2641 619 2695 tamen
632 2656 724 2712 posse.

159 2737 458 2812 31.11.EcqcoN.
500 2737 727 2795 EtduoHertZ.
768 2735 967 2811 Inqcoltali.

116 2837 178 2891 erat
199 2833 237 2904 N,
254 2839 334 2892 eront
347 2835 388 2892 H.
429 2834 539 2893 Currus
563 2833 631 2892 solis
656 2837 895 2891 commemoratur
913 2834 967 2892 Ov.

117 2933 204 2991 Pont.
221 2937 249 2991 4.
272 2937 299 2991 6.
323 2938 370 2992 48.

158 3037 205 3089 32.
229 3036 256 3090 2.
279 3033 398 3090 crimina
418 3030 508 3089 lumen
528 3030 565 3102 N,
582 3030 623 3089 H.
666 3029 772 3088 lumc'oo
792 3030 895 3086 crimen
917 3030 968 3086 clii

118 3130 239 3188 codices.
280 3130 425 3205 Profecti
441 3131 565 3189 fortasse
576 3131 660 3205 sorti
671 3129 828 3204 legendum
843 3132 913 3187 erat.
930 3129 968 3186 cf.
987 3158 989 3162 ·

119 3232 166 3299 22,
183 3233 231 3286 50.
272 3227 371 3287 habent
383 3229 421 3287 N.
462 3228 541 3288 labet
554 3234 624 3288 cett.

160 3332 206 3386 32.
230 3333 257 3389 5.
285 3329 376 3387 Corvo
391 3333 415 3386 te
425 3328 463 3386 N.
511 3329 597 3386 Corve
612 3332 637 3384 te
651 3328 682 3384 in
695 3327 735 3398 H,
749 3325 873 3392 editores
882 3325 969 3401 pleri-
