2168 3720
155 174 192 265 a4
326 208 545 268 raornarrr
565 211 626 270 nn.
648 211 693 285 rr,
717 216 764 272 aa.
781 218 830 272 ao.

192 366 438 425 Prosilitinlaxa
450 367 521 426 nixa
534 369 638 444 pedem
652 371 738 429 solea.
968 381 1007 434 40

154 464 201 523 Sic
215 484 268 539 ego
281 467 343 523 tam
357 468 450 524 sancti
463 468 582 526 custode
594 468 694 527 cludor
706 470 819 529 amoris.

191 565 239 622 Ex
252 564 305 623 illo
318 564 394 624 felix
407 585 468 623 nox
481 565 555 623 mihi
567 567 652 626 nulla
664 566 733 627 init.

538 763 609 803 XXX.

153 862 216 927 Quo
229 862 309 938 fugis
322 864 361 921 ah
373 863 512 923 demens?
532 865 616 924 nulla
629 868 673 925 est
685 865 766 941 iuga.
777 870 813 925 tu
825 865 897 927 licet
910 889 1005 946 usque

191 962 240 1020 Ad
253 962 364 1021 Tanain
377 962 491 1036 fugias:
513 983 608 1039 usque
622 968 763 1041 sequetur
774 966 874 1025 Amor.

152 1061 218 1119 Non
233 1060 258 1120 si
270 1062 396 1136 Pegaseo
410 1061 535 1122 vecteris
547 1063 580 1121 in
593 1083 658 1122 aare
672 1066 764 1137 dorso,

190 1165 220 1223 N
221 1185 253 1224 ec
266 1166 323 1226 tibi
336 1165 361 1225 si
373 1166 472 1225 Persei
485 1167 610 1226 moverit
623 1168 670 1225 ala
682 1168 779 1244 pedes,

151 1269 208 1327 Vel
221 1270 246 1327 si
258 1272 289 1328 te
303 1272 397 1329 sectae
410 1269 527 1346 rapiant
538 1270 682 1329 talaribus
695 1291 782 1332 aurae
795 1262 803 1331 ὲ
985 1279 1002 1331 5

190 1367 242 1426 Nil
254 1367 311 1427 tibi
323 1368 463 1427 Mercurii
475 1368 604 1444 proderit
616 1369 677 1428 alta
689 1370 747 1428 via.

151 1468 249 1526 Instat
262 1486 374 1552 semper
386 1468 477 1526 Amor
490 1487 578 1544 supra
591 1471 696 1544 caput:
718 1468 810 1527 instat
818 1470 943 1542 amanti,

189 1568 229 1625 Et
243 1567 339 1642 gravis
351 1566 413 1643 ipsc
427 1587 515 1643 super
527 1567 619 1626 libera
632 1567 707 1626 colla
720 1568 810 1627 sedet.

150 1666 286 1725 Excubat
299 1665 350 1724 ille
365 1685 430 1724 acer
443 1668 540 1724 custos
553 1666 701 1725 attollere
714 1685 876 1742 numquam

188 1764 230 1823 re
242 1763 372 1840 patietur
384 1765 473 1823 humo
486 1764 599 1822 lumina
612 1769 697 1840 capta
710 1765 809 1823 semel.
966 1771 1001 1823 10

150 1862 189 1920 Et
202 1863 259 1920 iam
275 1862 300 1920 si
312 1881 421 1938 pecces,
438 1863 509 1920 deus
523 1863 679 1921 exorabilis
692 1863 744 1921 ille
758 1867 811 1935 est,

189 1960 221 2020 Si
233 1961 317 2019 modo
330 1960 490 2036 praesentis
503 1960 611 2019 viderit
625 1980 686 2020 esse
699 1981 808 2037 preces.

149 2060 213 2118 ista
226 2079 308 2119 senes
320 2059 391 2118 licet
404 2062 541 2118 accusent
555 2059 689 2119 convivia
702 2059 787 2118 duri:

188 2159 249 2218 Nos
261 2160 345 2218 modo
359 2159 549 2236 propositum,
564 2158 635 2230 vita,
651 2161 780 2217 teramus
792 2157 859 2217 iter.

148 2258 272 2317 illorum
286 2258 416 2335 antiquis
429 2261 586 2317 onerentur
598 2256 713 2332 legibus
727 2275 828 2315 aures:
907 2293 911 2300 ·
964 2263 1000 2316 15

187 2358 246 2416 Hic
258 2358 340 2416 locus
353 2362 406 2429 est,
421 2357 454 2415 in
467 2377 534 2434 quo,
549 2355 624 2415 tibia
636 2357 729 2428 docta,
746 2375 837 2428 sones,

149 2455 229 2520 Quae
242 2475 301 2513 non
314 2455 378 2514 iure
391 2455 464 2513 vado
478 2454 629 2513 Maeandri
643 2454 720 2512 iacta
732 2455 851 2527 notasti,

187 2553 296 2628 Turpia
309 2572 376 2611 cum
388 2552 498 2611 iaceret
511 2552 639 2630 Palladis
653 2571 702 2610 ora
715 2555 823 2611 tumor.
959 2598 977 2636 0

147 2652 225 2710 Num
238 2652 303 2724 iam,
319 2652 396 2723 darc,
410 2670 495 2726 parua
509 2651 654 2728 Phrygias
667 2670 746 2708 nunc
760 2651 803 2708 ira
817 2670 869 2727 per
883 2652 979 2709 undas
995 2704 997 2706 .

186 2750 226 2808 Et
238 2752 337 2826 patere
350 2749 484 2827 Hyrcani
496 2749 584 2808 litora
596 2753 685 2807 nauta
697 2749 794 2822 maris,
956 2755 996 2807 20

148 2849 289 2925 Spargere
303 2852 333 2908 et
346 2849 459 2908 alterna
472 2866 637 2907 communes
651 2847 736 2905 caede
750 2847 874 2905 Penates

187 2950 226 3006 Et
238 2947 314 3007 ferre
328 2949 365 3006 ad
376 2947 485 3024 patrios
498 2946 627 3023 praemia
639 2945 703 3004 dira
715 2944 820 3003 Lares!

146 3047 212 3105 Una
226 3050 395 3106 contentum
407 3046 516 3123 pudeat
528 3065 575 3103 mc
588 3045 687 3104 vivere
701 3044 815 3103 amica?

185 3147 251 3204 Hoc
264 3146 289 3204 si
303 3145 412 3205 crimen
425 3144 491 3217 erit,
508 3145 618 3203 crimen
631 3144 747 3203 Amoris
761 3143 836 3202 erit:

146 3245 190 3303 Mi
203 3264 287 3303 nemo
301 3244 416 3302 obiciat.
457 3243 561 3302 Libeat
574 3242 638 3315 tibi,
656 3242 793 3320 Cynthia,
809 3261 923 3301 mecum
958 3247 996 3300 25

182 3344 309 3403 Roscida
320 3342 459 3410 muscosis
472 3345 556 3402 antra
568 3345 668 3403 tenere
681 3340 768 3417 iugis.
