2168 3720
164 218 199 272 18
344 214 562 274 PROPERTII
582 217 642 274 ΕΒ.
664 218 691 291 Ι,
711 223 756 276 15.
775 223 820 277 16.

202 371 233 430 Si
247 371 318 449 quid
330 371 406 431 forte
419 373 475 432 tibi
488 373 589 434 durius
601 375 749 436 inciderit.

161 472 236 532 Alta
248 473 330 548 prius
342 476 425 532 vasto
438 474 575 534 labentur
587 475 710 535 flumina
722 479 823 554 ponto,

200 573 306 630 Annus
319 574 350 631 et
362 572 494 631 inversas
507 573 627 633 duxerit
639 579 708 635 ante
721 575 809 649 vices,
978 583 1018 635 30

162 669 256 734 Quam
268 673 322 728 tua
335 672 387 729 sub
401 675 500 730 nostro
513 674 646 732 mutetur
658 676 774 748 pectore
788 693 878 732 cura:

202 768 247 826 Sis
261 769 463 845 quodcumque
476 769 566 844 voles,
582 789 642 828 non
656 771 752 831 aliena
764 775 875 831 tamen.

164 867 235 926 llam
246 867 303 926 tibi
315 888 353 926 ne
366 867 441 926 viles
454 868 504 927 isti
518 869 674 928 videantur
687 871 782 943 ocelli,

200 968 258 1026 Per
269 987 343 1045 quos
356 987 440 1044 saepe
452 968 526 1027 mihi
540 969 651 1028 credita
664 971 787 1046 perfidia
801 974 855 1030 est.

162 1066 225 1124 Hos
237 1070 272 1125 tu
285 1066 409 1139 iurabas,
426 1066 535 1144 siquid
547 1068 673 1127 mentita
684 1068 799 1142 fuisses,
979 1075 1016 1127 35

201 1166 243 1225 Ut
256 1165 312 1225 tibi
327 1167 484 1243 suppositis
497 1167 667 1227 exciderent
678 1168 823 1228 manibus.

163 1265 203 1324 Et
216 1268 316 1324 contra
328 1285 467 1340 magnum
480 1269 563 1341 potes
576 1266 629 1324 hos
643 1266 777 1326 attollere
791 1267 891 1341 solem,

201 1363 264 1422 Nec
276 1364 377 1423 tremis
391 1363 530 1422 admissae
544 1363 657 1422 conscia
669 1363 840 1441 nequitiae?

164 1463 237 1529 Quis
250 1468 281 1522 te
295 1466 416 1538 cogabat
428 1465 537 1523 multos
550 1465 660 1540 pallere
673 1465 782 1524 colores

202 1564 243 1622 Et
255 1563 358 1622 fletum
370 1563 473 1622 invitis
485 1563 591 1622 ducere
603 1563 788 1623 luminibus?
979 1570 1017 1622 40

165 1661 237 1727 Quis
251 1681 303 1736 ego
317 1681 395 1720 nunc
408 1681 502 1738 pereo,
520 1662 628 1721 similes
641 1662 806 1722 moniturus
820 1667 951 1724 amantes

205 1761 258 1819 “O
272 1760 376 1819 nullist
388 1764 488 1820 tutum
502 1761 616 1821 credere
629 1761 781 1821 blanditiis
792 1761 821 1823 !'’

559 1958 621 1998 XVI.

165 2057 246 2123 Quae
259 2057 371 2117 fueram
384 2056 497 2132 magnis
511 2056 581 2115 olim
594 2057 741 2132 patefacta
755 2057 926 2135 triumphis,

206 2158 300 2216 Ianua
312 2157 452 2234 Tarpeiae
465 2160 536 2215 nota
548 2157 715 2233 pudicitiae,

167 2257 257 2316 Cuius
270 2255 397 2315 inaurati
411 2256 595 2315 celebrarunt
605 2255 711 2314 limina
725 2275 827 2316 currus

206 2356 362 2431 Captorum
375 2354 501 2413 lacrimis
513 2353 613 2412 umida
626 2353 815 2430 supplicibus,

168 2453 255 2512 Nunc
270 2472 336 2527 ego,
347 2453 497 2512 nocturnis
509 2455 644 2528 potorum
657 2452 754 2511 saucia
767 2453 851 2526 rixis,
1001 2462 1020 2513 5

208 2552 328 2610 Pulsata
340 2551 467 2627 indignis
481 2572 565 2628 saepe
579 2571 685 2629 queror
696 2541 839 2625 manibus,

169 2653 209 2712 Et
221 2650 295 2709 milri
307 2670 364 2709 non
380 2651 486 2709 desunt
498 2654 599 2727 turpes
612 2650 737 2727 pendere
750 2651 874 2710 corollae

210 2750 330 2827 Semper
342 2753 373 2809 et
386 2749 512 2809 exclusis
526 2749 608 2825 signa
620 2750 713 2809 iacere
726 2749 812 2809 faces.

170 2851 200 2910 N
200 2869 232 2911 ec
245 2869 361 2926 possum
374 2848 491 2909 infamis
504 2849 635 2908 dominae
648 2848 802 2921 defendere
814 2852 924 2921 noctes,

209 2948 324 3008 Nobilis
337 2949 467 3008 obscenis
478 2948 588 3008 tradita
600 2946 784 3008 carminibus.
983 2955 1020 3008 10

171 3049 232 3108 Nec
245 3051 343 3108 tamen
355 3048 408 3107 illa
421 3067 489 3107 suae
501 3050 653 3106 revocatur
665 3065 782 3122 parcere
794 3045 898 3121 famae,

211 3147 334 3223 Turpior
347 3150 377 3206 et
390 3145 477 3205 saecli
490 3144 588 3204 vivere
601 3145 730 3203 luxuria.

171 3246 235 3305 Has
248 3245 325 3304 inter
338 3244 474 3320 gravibus
488 3262 573 3317 cogor
585 3242 691 3302 dedere
704 3242 852 3320 querellis,

212 3342 358 3420 supplicis
371 3363 387 3403 a
400 3341 494 3417 longis
507 3339 618 3401 tristior
631 3340 772 3401 excubiis.
