<?xml version="1.0" encoding="UTF-8"?>
<!DOCTYPE html PUBLIC "-//W3C//DTD XHTML 1.0 Transitional//EN"
    "http://www.w3.org/TR/xhtml1/DTD/xhtml1-transitional.dtd">
<html xmlns="http://www.w3.org/1999/xhtml" xml:lang="en" lang="en">
 <head>
  <title>
</title>
<meta http-equiv="Content-Type" content="text/html;charset=utf-8" />
  <meta name='ocr-system' content='tesseract 3.04.00' />
  <meta name='ocr-capabilities' content='ocr_page ocr_carea ocr_par ocr_line ocrx_word'/>
</head>
<body>
  <div class='ocr_page' id='page_1' title='image "./elegiarumlibrii00palmgoog_0104.png"; bbox 0 0 2168 3720; ppageno 0'>
   <div class='ocr_carea' id='block_1_1' title="bbox 337 155 971 277">
    <p class='ocr_par' dir='ltr' id='par_1_1' title="bbox 337 155 971 277">
     <span class='ocr_line' id='line_1_1' title="bbox 337 155 971 277; baseline 0.002 -15"><span class='ocrx_word' id='word_1_1' title='bbox 337 155 554 263; x_wconf 74' lang='lat' dir='ltr'>rnorsnrrr</span> <span class='ocrx_word' id='word_1_2' title='bbox 575 205 634 263; x_wconf 82' lang='lat' dir='ltr'>nn.</span> <span class='ocrx_word' id='word_1_3' title='bbox 656 205 701 277; x_wconf 89' lang='grc'>11,</span> <span class='ocrx_word' id='word_1_4' title='bbox 727 209 752 262; x_wconf 89' lang='grc'>1.</span> <span class='ocrx_word' id='word_1_5' title='bbox 935 207 971 263; x_wconf 84' lang='lat'>27</span> 
     </span>
    </p>
   </div>
   <div class='ocr_carea' id='block_1_2' title="bbox 103 361 969 3418">
    <p class='ocr_par' dir='ltr' id='par_1_2' title="bbox 113 361 955 546">
     <span class='ocr_line' id='line_1_2' title="bbox 113 361 955 439; baseline 0 -18"><span class='ocrx_word' id='word_1_6' title='bbox 113 364 257 436; x_wconf 78' lang='lat' dir='ltr'>Regnare</span> <span class='ocrx_word' id='word_1_7' title='bbox 270 361 364 439; x_wconf 86' lang='lat' dir='ltr'>prima</span> <span class='ocrx_word' id='word_1_8' title='bbox 377 363 470 434; x_wconf 86' lang='lat' dir='ltr'>Remi,</span> <span class='ocrx_word' id='word_1_9' title='bbox 481 367 533 422; x_wconf 92' lang='lat' dir='ltr'>aut</span> <span class='ocrx_word' id='word_1_10' title='bbox 547 362 657 421; x_wconf 87' lang='lat' dir='ltr'>animos</span> <span class='ocrx_word' id='word_1_11' title='bbox 671 361 856 435; x_wconf 78' lang='lat' dir='ltr'>Carthaginis</span> <span class='ocrx_word' id='word_1_12' title='bbox 870 363 955 434; x_wconf 85' lang='lat' dir='ltr'>altae,</span> 
     </span>
     <span class='ocr_line' id='line_1_3' title="bbox 159 460 823 546; baseline -0.003 -26"><span class='ocrx_word' id='word_1_13' title='bbox 159 461 400 539; x_wconf 77' lang='lat' dir='ltr'><strong>Cimbrorumque</strong></span> <span class='ocrx_word' id='word_1_14' title='bbox 412 462 506 520; x_wconf 86' lang='lat' dir='ltr'>minas</span> <span class='ocrx_word' id='word_1_15' title='bbox 521 465 551 519; x_wconf 91' lang='lat' dir='ltr'>et</span> <span class='ocrx_word' id='word_1_16' title='bbox 564 460 717 546; x_wconf 77' lang='lat' dir='ltr'>benefacta</span> <span class='ocrx_word' id='word_1_17' title='bbox 730 460 823 519; x_wconf 89' lang='lat' dir='ltr'>Mari:</span> 
     </span>
    </p>

    <p class='ocr_par' dir='ltr' id='par_1_3' title="bbox 114 559 969 734">
     <span class='ocr_line' id='line_1_4' title="bbox 114 559 969 637; baseline -0.001 -20"><span class='ocrx_word' id='word_1_18' title='bbox 114 560 260 637; x_wconf 81' lang='lat' dir='ltr'>Bellaque</span> <span class='ocrx_word' id='word_1_19' title='bbox 272 579 378 637; x_wconf 89' lang='lat' dir='ltr'>resque</span> <span class='ocrx_word' id='word_1_20' title='bbox 390 560 436 618; x_wconf 91' lang='lat' dir='ltr'>tui</span> <span class='ocrx_word' id='word_1_21' title='bbox 449 579 637 618; x_wconf 87' lang='lat' dir='ltr'>memorarem</span> <span class='ocrx_word' id='word_1_22' title='bbox 651 559 789 630; x_wconf 81' lang='lat' dir='ltr'>Caesaris,</span> <span class='ocrx_word' id='word_1_23' title='bbox 806 564 836 616; x_wconf 88' lang='lat' dir='ltr'>et</span> <span class='ocrx_word' id='word_1_24' title='bbox 849 563 883 617; x_wconf 92' lang='lat' dir='ltr'>tu</span> <span class='ocrx_word' id='word_1_25' title='bbox 932 565 969 616; x_wconf 80' lang='lat'>25</span> 
     </span>
     <span class='ocr_line' id='line_1_5' title="bbox 159 659 788 734; baseline -0.002 -16"><span class='ocrx_word' id='word_1_26' title='bbox 159 659 278 718; x_wconf 80' lang='lat' dir='ltr'>Caesare</span> <span class='ocrx_word' id='word_1_27' title='bbox 292 661 346 718; x_wconf 91' lang='lat' dir='ltr'>sub</span> <span class='ocrx_word' id='word_1_28' title='bbox 360 679 464 734; x_wconf 82' lang='lat' dir='ltr'>magno</span> <span class='ocrx_word' id='word_1_29' title='bbox 479 679 548 717; x_wconf 90' lang='lat' dir='ltr'>cura</span> <span class='ocrx_word' id='word_1_30' title='bbox 562 660 689 718; x_wconf 89' lang='lat' dir='ltr'>secunda</span> <span class='ocrx_word' id='word_1_31' title='bbox 702 659 788 718; x_wconf 83' lang='lat' dir='ltr'>iores.</span> 
     </span>
    </p>

    <p class='ocr_par' dir='ltr' id='par_1_4' title="bbox 116 759 943 932">
     <span class='ocr_line' id='line_1_6' title="bbox 116 759 943 836; baseline 0.002 -20"><span class='ocrx_word' id='word_1_32' title='bbox 116 759 194 818; x_wconf 89' lang='lat' dir='ltr'>Nam</span> <span class='ocrx_word' id='word_1_33' title='bbox 207 760 343 836; x_wconf 89' lang='lat' dir='ltr'>quotiens</span> <span class='ocrx_word' id='word_1_34' title='bbox 357 760 503 819; x_wconf 78' lang='lat' dir='ltr'>Mutinam</span> <span class='ocrx_word' id='word_1_35' title='bbox 517 763 569 818; x_wconf 89' lang='lat' dir='ltr'>aut</span> <span class='ocrx_word' id='word_1_36' title='bbox 582 759 681 817; x_wconf 88' lang='lat' dir='ltr'>civilia</span> <span class='ocrx_word' id='word_1_37' title='bbox 693 761 780 818; x_wconf 89' lang='lat' dir='ltr'>busta</span> <span class='ocrx_word' id='word_1_38' title='bbox 793 759 943 836; x_wconf 87' lang='lat' dir='ltr'>Philippos</span> 
     </span>
     <span class='ocr_line' id='line_1_7' title="bbox 157 849 828 932; baseline 0 -15"><span class='ocrx_word' id='word_1_39' title='bbox 157 849 220 917; x_wconf 87' lang='lat' dir='ltr'>Aut</span> <span class='ocrx_word' id='word_1_40' title='bbox 234 878 365 918; x_wconf 83' lang='lat' dir='ltr'>canerem</span> <span class='ocrx_word' id='word_1_41' title='bbox 380 859 495 918; x_wconf 84' lang='lat' dir='ltr'>Siculae</span> <span class='ocrx_word' id='word_1_42' title='bbox 509 858 628 917; x_wconf 85' lang='lat' dir='ltr'>classica</span> <span class='ocrx_word' id='word_1_43' title='bbox 640 859 719 917; x_wconf 91' lang='lat' dir='ltr'>bella</span> <span class='ocrx_word' id='word_1_44' title='bbox 731 859 828 932; x_wconf 82' lang='lat' dir='ltr'>fugae,</span> 
     </span>
    </p>

    <p class='ocr_par' dir='ltr' id='par_1_5' title="bbox 117 957 967 1132">
     <span class='ocr_line' id='line_1_8' title="bbox 117 957 816 1036; baseline 0.001 -21"><span class='ocrx_word' id='word_1_45' title='bbox 117 959 298 1036; x_wconf 84' lang='lat' dir='ltr'>Eversosque</span> <span class='ocrx_word' id='word_1_46' title='bbox 311 959 390 1016; x_wconf 80' lang='lat' dir='ltr'>focos</span> <span class='ocrx_word' id='word_1_47' title='bbox 403 958 542 1034; x_wconf 87' lang='lat' dir='ltr'>antiquae</span> <span class='ocrx_word' id='word_1_48' title='bbox 556 957 653 1032; x_wconf 85' lang='lat' dir='ltr'>gentis</span> <span class='ocrx_word' id='word_1_49' title='bbox 667 958 816 1028; x_wconf 82' lang='lat' dir='ltr'>Etruscae,</span> 
     </span>
     <span class='ocr_line' id='line_1_9' title="bbox 157 1056 967 1132; baseline -0.002 -17"><span class='ocrx_word' id='word_1_50' title='bbox 157 1058 196 1116; x_wconf 87' lang='lat' dir='ltr'>Et</span> <span class='ocrx_word' id='word_1_51' title='bbox 209 1056 386 1117; x_wconf 88' lang='lat' dir='ltr'>Ptolomaeei</span> <span class='ocrx_word' id='word_1_52' title='bbox 399 1057 487 1116; x_wconf 87' lang='lat' dir='ltr'>litora</span> <span class='ocrx_word' id='word_1_53' title='bbox 499 1060 584 1132; x_wconf 89' lang='lat' dir='ltr'>capta</span> <span class='ocrx_word' id='word_1_54' title='bbox 594 1056 692 1128; x_wconf 87' lang='lat' dir='ltr'>Phari,</span> <span class='ocrx_word' id='word_1_55' title='bbox 931 1063 967 1114; x_wconf 90' lang='grc'>30</span> 
     </span>
    </p>

    <p class='ocr_par' dir='ltr' id='par_1_6' title="bbox 116 1156 968 1333">
     <span class='ocr_line' id='line_1_10' title="bbox 116 1156 968 1234; baseline 0 -20"><span class='ocrx_word' id='word_1_56' title='bbox 116 1157 181 1215; x_wconf 86' lang='lat' dir='ltr'>Aut</span> <span class='ocrx_word' id='word_1_57' title='bbox 190 1156 494 1234; x_wconf 76' lang='lat' dir='ltr'>caneremAepyptum</span> <span class='ocrx_word' id='word_1_58' title='bbox 504 1159 533 1214; x_wconf 93' lang='lat' dir='ltr'>et</span> <span class='ocrx_word' id='word_1_59' title='bbox 543 1156 656 1228; x_wconf 87' lang='lat' dir='ltr'>Nilum,</span> <span class='ocrx_word' id='word_1_60' title='bbox 665 1175 731 1214; x_wconf 91' lang='lat' dir='ltr'>cum</span> <span class='ocrx_word' id='word_1_61' title='bbox 740 1159 851 1214; x_wconf 88' lang='lat' dir='ltr'>atratus</span> <span class='ocrx_word' id='word_1_62' title='bbox 860 1156 891 1213; x_wconf 93' lang='lat' dir='ltr'>in</span> <span class='ocrx_word' id='word_1_63' title='bbox 897 1158 968 1214; x_wconf 88' lang='lat' dir='ltr'>urbe</span> 
     </span>
     <span class='ocr_line' id='line_1_11' title="bbox 157 1256 711 1333; baseline -0.005 -17"><span class='ocrx_word' id='word_1_64' title='bbox 157 1257 277 1333; x_wconf 80' lang='lat' dir='ltr'>Septem</span> <span class='ocrx_word' id='word_1_65' title='bbox 290 1257 412 1333; x_wconf 84' lang='lat' dir='ltr'>captivis</span> <span class='ocrx_word' id='word_1_66' title='bbox 426 1257 529 1316; x_wconf 88' lang='lat' dir='ltr'>debilis</span> <span class='ocrx_word' id='word_1_67' title='bbox 542 1256 605 1316; x_wconf 88' lang='lat' dir='ltr'>ibat</span> <span class='ocrx_word' id='word_1_68' title='bbox 619 1257 711 1333; x_wconf 88' lang='lat' dir='ltr'>aquis,</span> 
     </span>
    </p>

    <p class='ocr_par' dir='ltr' id='par_1_7' title="bbox 116 1355 829 1533">
     <span class='ocr_line' id='line_1_12' title="bbox 116 1355 829 1432; baseline -0.006 -17"><span class='ocrx_word' id='word_1_69' title='bbox 116 1358 180 1417; x_wconf 87' lang='lat' dir='ltr'>Ant</span> <span class='ocrx_word' id='word_1_70' title='bbox 192 1376 295 1432; x_wconf 84' lang='lat' dir='ltr'>regum</span> <span class='ocrx_word' id='word_1_71' title='bbox 308 1356 417 1415; x_wconf 81' lang='lat' dir='ltr'>auratis</span> <span class='ocrx_word' id='word_1_72' title='bbox 430 1355 609 1413; x_wconf 71' lang='lat' dir='ltr'>circumdata</span> <span class='ocrx_word' id='word_1_73' title='bbox 623 1355 697 1412; x_wconf 85' lang='lat' dir='ltr'>colla</span> <span class='ocrx_word' id='word_1_74' title='bbox 711 1355 829 1426; x_wconf 85' lang='lat' dir='ltr'>catenis,</span> 
     </span>
     <span class='ocr_line' id='line_1_13' title="bbox 155 1440 766 1533; baseline 0 -20"><span class='ocrx_word' id='word_1_75' title='bbox 155 1456 299 1533; x_wconf 84' lang='lat' dir='ltr'>Actiaque</span> <span class='ocrx_word' id='word_1_76' title='bbox 312 1455 345 1514; x_wconf 90' lang='lat' dir='ltr'>in</span> <span class='ocrx_word' id='word_1_77' title='bbox 358 1455 446 1514; x_wconf 81' lang='lat' dir='ltr'>Sacra</span> <span class='ocrx_word' id='word_1_78' title='bbox 459 1474 574 1513; x_wconf 88' lang='lat' dir='ltr'>currere</span> <span class='ocrx_word' id='word_1_79' title='bbox 587 1440 684 1514; x_wconf 84' lang='lat' dir='ltr'>rostra¹</span> <span class='ocrx_word' id='word_1_80' title='bbox 693 1455 766 1513; x_wconf 88' lang='lat' dir='ltr'>Via:</span> 
     </span>
    </p>

    <p class='ocr_par' dir='ltr' id='par_1_8' title="bbox 116 1554 964 1732">
     <span class='ocr_line' id='line_1_14' title="bbox 116 1554 964 1630; baseline -0.001 -18"><span class='ocrx_word' id='word_1_81' title='bbox 116 1555 157 1613; x_wconf 82' lang='lat' dir='ltr'>Te</span> <span class='ocrx_word' id='word_1_82' title='bbox 169 1575 234 1614; x_wconf 91' lang='lat' dir='ltr'>mea</span> <span class='ocrx_word' id='word_1_83' title='bbox 247 1556 334 1614; x_wconf 87' lang='lat' dir='ltr'>Musa</span> <span class='ocrx_word' id='word_1_84' title='bbox 345 1555 406 1613; x_wconf 90' lang='lat' dir='ltr'>illis</span> <span class='ocrx_word' id='word_1_85' title='bbox 420 1574 532 1630; x_wconf 89' lang='lat' dir='ltr'>semper</span> <span class='ocrx_word' id='word_1_86' title='bbox 546 1556 712 1612; x_wconf 85' lang='lat' dir='ltr'>contexeret</span> <span class='ocrx_word' id='word_1_87' title='bbox 725 1554 821 1626; x_wconf 89' lang='lat' dir='ltr'>armis,</span> <span class='ocrx_word' id='word_1_88' title='bbox 928 1559 964 1611; x_wconf 82' lang='lat'>35</span> 
     </span>
     <span class='ocr_line' id='line_1_15' title="bbox 156 1653 773 1732; baseline -0.002 -21"><span class='ocrx_word' id='word_1_89' title='bbox 156 1654 195 1713; x_wconf 87' lang='lat' dir='ltr'>Et</span> <span class='ocrx_word' id='word_1_90' title='bbox 209 1658 324 1730; x_wconf 81' lang='lat' dir='ltr'>sumpta</span> <span class='ocrx_word' id='word_1_91' title='bbox 338 1657 368 1712; x_wconf 90' lang='lat' dir='ltr'>et</span> <span class='ocrx_word' id='word_1_92' title='bbox 380 1653 476 1730; x_wconf 90' lang='lat' dir='ltr'>posita</span> <span class='ocrx_word' id='word_1_93' title='bbox 488 1673 558 1729; x_wconf 89' lang='lat' dir='ltr'>pace</span> <span class='ocrx_word' id='word_1_94' title='bbox 570 1653 657 1713; x_wconf 91' lang='lat' dir='ltr'>fidele</span> <span class='ocrx_word' id='word_1_95' title='bbox 671 1656 773 1732; x_wconf 86' lang='lat' dir='ltr'>caput.¹</span> 
     </span>
    </p>

    <p class='ocr_par' dir='ltr' id='par_1_9' title="bbox 116 1752 807 1828">
     <span class='ocr_line' id='line_1_16' title="bbox 116 1752 807 1828; baseline 0 -18"><span class='ocrx_word' id='word_1_96' title='bbox 116 1753 244 1812; x_wconf 81' lang='lat' dir='ltr'>Theseus</span> <span class='ocrx_word' id='word_1_97' title='bbox 256 1753 388 1824; x_wconf 75' lang='lat' dir='ltr'>infernis,</span> <span class='ocrx_word' id='word_1_98' title='bbox 404 1752 515 1828; x_wconf 89' lang='lat' dir='ltr'>superis</span> <span class='ocrx_word' id='word_1_99' title='bbox 528 1755 655 1812; x_wconf 87' lang='lat' dir='ltr'>testatur</span> <span class='ocrx_word' id='word_1_100' title='bbox 667 1752 807 1824; x_wconf 87' lang='lat' dir='ltr'>Achilles,</span> 
     </span>
    </p>

    <p class='ocr_par' dir='ltr' id='par_1_10' title="bbox 103 1851 689 1937">
     <span class='ocr_line' id='line_1_17' title="bbox 103 1851 689 1937; baseline -0.003 -27"><span class='ocrx_word' id='word_1_101' title='bbox 103 1930 106 1937; x_wconf 24' lang='grc' dir='ltr'>Ι</span> <span class='ocrx_word' id='word_1_102' title='bbox 153 1851 213 1910; x_wconf 90' lang='lat' dir='ltr'>Hic</span> <span class='ocrx_word' id='word_1_103' title='bbox 226 1851 392 1925; x_wconf 86' lang='lat' dir='ltr'>Ixioniden,</span> <span class='ocrx_word' id='word_1_104' title='bbox 408 1851 461 1910; x_wconf 90' lang='lat' dir='ltr'>ille</span> <span class='ocrx_word' id='word_1_105' title='bbox 475 1851 689 1910; x_wconf 88' lang='lat' dir='ltr'>Menoetiaden.</span> 
     </span>
    </p>

    <p class='ocr_par' dir='ltr' id='par_1_11' title="bbox 117 1951 965 2129">
     <span class='ocr_line' id='line_1_18' title="bbox 117 1951 936 2030; baseline -0.006 -18"><span class='ocrx_word' id='word_1_106' title='bbox 117 1953 174 2012; x_wconf 82' lang='lat' dir='ltr'>Sed</span> <span class='ocrx_word' id='word_1_107' title='bbox 186 1973 281 2030; x_wconf 92' lang='lat' dir='ltr'>neque</span> <span class='ocrx_word' id='word_1_108' title='bbox 295 1953 470 2027; x_wconf 86' lang='lat' dir='ltr'>Phlegraeos</span> <span class='ocrx_word' id='word_1_109' title='bbox 482 1951 563 2010; x_wconf 85' lang='lat' dir='ltr'>Iovis</span> <span class='ocrx_word' id='word_1_110' title='bbox 577 1951 776 2028; x_wconf 81' lang='lat' dir='ltr'>Enceladique</span> <span class='ocrx_word' id='word_1_111' title='bbox 789 1951 936 2010; x_wconf 88' lang='lat' dir='ltr'>tumultus</span> 
     </span>
     <span class='ocr_line' id='line_1_19' title="bbox 154 2050 965 2129; baseline -0.009 -18"><span class='ocrx_word' id='word_1_112' title='bbox 154 2053 276 2111; x_wconf 83' lang='lat' dir='ltr'>Intonet</span> <span class='ocrx_word' id='word_1_113' title='bbox 289 2055 412 2127; x_wconf 86' lang='lat' dir='ltr'>angusto</span> <span class='ocrx_word' id='word_1_114' title='bbox 425 2055 541 2129; x_wconf 91' lang='lat' dir='ltr'>pectore</span> <span class='ocrx_word' id='word_1_115' title='bbox 552 2050 756 2122; x_wconf 89' lang='lat' dir='ltr'>Callimachus,</span> <span class='ocrx_word' id='word_1_116' title='bbox 927 2053 965 2104; x_wconf 85' lang='lat'>40</span> 
     </span>
    </p>

    <p class='ocr_par' dir='ltr' id='par_1_12' title="bbox 118 2149 833 2328">
     <span class='ocr_line' id='line_1_20' title="bbox 118 2149 814 2227; baseline -0.007 -16"><span class='ocrx_word' id='word_1_117' title='bbox 118 2151 181 2211; x_wconf 85' lang='lat' dir='ltr'>Nec</span> <span class='ocrx_word' id='word_1_118' title='bbox 194 2170 259 2210; x_wconf 89' lang='lat' dir='ltr'>mea</span> <span class='ocrx_word' id='word_1_119' title='bbox 271 2150 451 2210; x_wconf 88' lang='lat' dir='ltr'>conveniunt</span> <span class='ocrx_word' id='word_1_120' title='bbox 464 2151 536 2209; x_wconf 92' lang='lat' dir='ltr'>duro</span> <span class='ocrx_word' id='word_1_121' title='bbox 549 2149 716 2227; x_wconf 88' lang='lat' dir='ltr'>praecordia</span> <span class='ocrx_word' id='word_1_122' title='bbox 729 2168 814 2207; x_wconf 89' lang='lat' dir='ltr'>versu</span> 
     </span>
     <span class='ocr_line' id='line_1_21' title="bbox 156 2249 833 2328; baseline -0.007 -18"><span class='ocrx_word' id='word_1_123' title='bbox 156 2250 286 2310; x_wconf 86' lang='lat' dir='ltr'>Caesaris</span> <span class='ocrx_word' id='word_1_124' title='bbox 298 2250 330 2308; x_wconf 92' lang='lat' dir='ltr'>in</span> <span class='ocrx_word' id='word_1_125' title='bbox 343 2249 486 2328; x_wconf 75' lang='lat' dir='ltr'>Phrygios</span> <span class='ocrx_word' id='word_1_126' title='bbox 501 2250 623 2309; x_wconf 91' lang='lat' dir='ltr'>condere</span> <span class='ocrx_word' id='word_1_127' title='bbox 636 2267 742 2307; x_wconf 89' lang='lat' dir='ltr'>nomen</span> <span class='ocrx_word' id='word_1_128' title='bbox 756 2267 833 2307; x_wconf 86' lang='lat' dir='ltr'>avos.</span> 
     </span>
    </p>

    <p class='ocr_par' dir='ltr' id='par_1_13' title="bbox 115 2349 779 2525">
     <span class='ocr_line' id='line_1_22' title="bbox 115 2349 779 2421; baseline -0.006 -12"><span class='ocrx_word' id='word_1_129' title='bbox 115 2349 224 2409; x_wconf 82' lang='lat' dir='ltr'>Navita</span> <span class='ocrx_word' id='word_1_130' title='bbox 237 2350 272 2409; x_wconf 92' lang='lat' dir='ltr'>de</span> <span class='ocrx_word' id='word_1_131' title='bbox 286 2349 391 2421; x_wconf 89' lang='lat' dir='ltr'>ventis,</span> <span class='ocrx_word' id='word_1_132' title='bbox 407 2350 443 2408; x_wconf 93' lang='lat' dir='ltr'>de</span> <span class='ocrx_word' id='word_1_133' title='bbox 455 2349 548 2408; x_wconf 87' lang='lat' dir='ltr'>tauris</span> <span class='ocrx_word' id='word_1_134' title='bbox 561 2350 662 2407; x_wconf 86' lang='lat' dir='ltr'>narrat</span> <span class='ocrx_word' id='word_1_135' title='bbox 675 2351 779 2420; x_wconf 90' lang='lat' dir='ltr'>arator,</span> 
     </span>
     <span class='ocr_line' id='line_1_23' title="bbox 154 2449 758 2525; baseline -0.003 -17"><span class='ocrx_word' id='word_1_136' title='bbox 154 2450 314 2509; x_wconf 85' lang='lat' dir='ltr'>Enumerat</span> <span class='ocrx_word' id='word_1_137' title='bbox 326 2449 410 2508; x_wconf 87' lang='lat' dir='ltr'>miles</span> <span class='ocrx_word' id='word_1_138' title='bbox 422 2450 554 2522; x_wconf 78' lang='lat' dir='ltr'>mrlnera,</span> <span class='ocrx_word' id='word_1_139' title='bbox 571 2451 669 2525; x_wconf 88' lang='lat' dir='ltr'>pastor</span> <span class='ocrx_word' id='word_1_140' title='bbox 682 2467 758 2520; x_wconf 85' lang='lat' dir='ltr'>oves,</span> 
     </span>
    </p>

    <p class='ocr_par' dir='ltr' id='par_1_14' title="bbox 114 2546 963 2725">
     <span class='ocr_line' id='line_1_24' title="bbox 114 2546 963 2623; baseline -0.005 -17"><span class='ocrx_word' id='word_1_141' title='bbox 114 2546 174 2607; x_wconf 86' lang='lat' dir='ltr'>Nos</span> <span class='ocrx_word' id='word_1_142' title='bbox 188 2551 289 2607; x_wconf 87' lang='lat' dir='ltr'>contra</span> <span class='ocrx_word' id='word_1_143' title='bbox 302 2552 425 2623; x_wconf 86' lang='lat' dir='ltr'>angusto</span> <span class='ocrx_word' id='word_1_144' title='bbox 439 2550 588 2608; x_wconf 86' lang='lat' dir='ltr'>versantes</span> <span class='ocrx_word' id='word_1_145' title='bbox 600 2546 712 2623; x_wconf 88' lang='lat' dir='ltr'>praelia</span> <span class='ocrx_word' id='word_1_146' title='bbox 723 2547 816 2605; x_wconf 90' lang='lat' dir='ltr'>lecto:</span> <span class='ocrx_word' id='word_1_147' title='bbox 926 2551 963 2603; x_wconf 80' lang='grc'>45</span> 
     </span>
     <span class='ocr_line' id='line_1_25' title="bbox 154 2646 863 2725; baseline -0.008 -16"><span class='ocrx_word' id='word_1_148' title='bbox 154 2647 218 2712; x_wconf 80' lang='lat' dir='ltr'>Qua</span> <span class='ocrx_word' id='word_1_149' title='bbox 230 2650 300 2724; x_wconf 89' lang='lat' dir='ltr'>pote</span> <span class='ocrx_word' id='word_1_150' title='bbox 313 2647 448 2725; x_wconf 88' lang='lat' dir='ltr'>quisque,</span> <span class='ocrx_word' id='word_1_151' title='bbox 463 2648 496 2706; x_wconf 93' lang='lat' dir='ltr'>in</span> <span class='ocrx_word' id='word_1_152' title='bbox 509 2667 543 2705; x_wconf 90' lang='lat' dir='ltr'>ea</span> <span class='ocrx_word' id='word_1_153' title='bbox 556 2648 688 2705; x_wconf 88' lang='lat' dir='ltr'>conterat</span> <span class='ocrx_word' id='word_1_154' title='bbox 701 2649 763 2704; x_wconf 89' lang='lat' dir='ltr'>arte</span> <span class='ocrx_word' id='word_1_155' title='bbox 777 2646 863 2703; x_wconf 87' lang='lat' dir='ltr'>diem.</span> 
     </span>
    </p>

    <p class='ocr_par' dir='ltr' id='par_1_15' title="bbox 113 2745 859 2905">
     <span class='ocr_line' id='line_1_26' title="bbox 113 2745 859 2818; baseline -0.001 -15"><span class='ocrx_word' id='word_1_156' title='bbox 113 2746 190 2805; x_wconf 89' lang='lat' dir='ltr'>Laus</span> <span class='ocrx_word' id='word_1_157' title='bbox 203 2746 235 2804; x_wconf 94' lang='lat' dir='ltr'>in</span> <span class='ocrx_word' id='word_1_158' title='bbox 249 2765 344 2805; x_wconf 90' lang='lat' dir='ltr'>amore</span> <span class='ocrx_word' id='word_1_159' title='bbox 357 2746 447 2805; x_wconf 92' lang='lat' dir='ltr'>mori:</span> <span class='ocrx_word' id='word_1_160' title='bbox 469 2746 534 2805; x_wconf 88' lang='lat' dir='ltr'>laus</span> <span class='ocrx_word' id='word_1_161' title='bbox 548 2747 647 2818; x_wconf 88' lang='lat' dir='ltr'>altera,</span> <span class='ocrx_word' id='word_1_162' title='bbox 665 2745 689 2804; x_wconf 90' lang='lat' dir='ltr'>si</span> <span class='ocrx_word' id='word_1_163' title='bbox 703 2746 790 2805; x_wconf 89' lang='lat' dir='ltr'>datur</span> <span class='ocrx_word' id='word_1_164' title='bbox 803 2747 859 2803; x_wconf 76' lang='lat' dir='ltr'>uni</span> 
     </span>
     <span class='ocr_line' id='line_1_27' title="bbox 152 2844 760 2905; baseline 0 -2"><span class='ocrx_word' id='word_1_165' title='bbox 152 2845 239 2904; x_wconf 87' lang='lat' dir='ltr'>Posse</span> <span class='ocrx_word' id='word_1_166' title='bbox 252 2844 329 2903; x_wconf 86' lang='lat' dir='ltr'>frui:</span> <span class='ocrx_word' id='word_1_167' title='bbox 352 2844 435 2905; x_wconf 79' lang='lat' dir='ltr'>fruar</span> <span class='ocrx_word' id='word_1_168' title='bbox 448 2865 464 2903; x_wconf 94' lang='lat'>0</span> <span class='ocrx_word' id='word_1_169' title='bbox 479 2845 556 2904; x_wconf 91' lang='lat' dir='ltr'>solus</span> <span class='ocrx_word' id='word_1_170' title='bbox 571 2865 666 2904; x_wconf 86' lang='lat' dir='ltr'>amore</span> <span class='ocrx_word' id='word_1_171' title='bbox 679 2844 760 2904; x_wconf 85' lang='lat' dir='ltr'>meo!</span> 
     </span>
    </p>

    <p class='ocr_par' dir='ltr' id='par_1_16' title="bbox 114 2942 961 3119">
     <span class='ocr_line' id='line_1_28' title="bbox 114 2942 802 3020; baseline -0.003 -18"><span class='ocrx_word' id='word_1_172' title='bbox 114 2943 145 3002; x_wconf 81' lang='lat' dir='ltr'>Si</span> <span class='ocrx_word' id='word_1_173' title='bbox 158 2942 286 3015; x_wconf 90' lang='lat' dir='ltr'>memini,</span> <span class='ocrx_word' id='word_1_174' title='bbox 303 2944 377 3002; x_wconf 91' lang='lat' dir='ltr'>solet</span> <span class='ocrx_word' id='word_1_175' title='bbox 389 2943 443 3003; x_wconf 90' lang='lat' dir='ltr'>illa</span> <span class='ocrx_word' id='word_1_176' title='bbox 455 2945 535 3003; x_wconf 83' lang='lat' dir='ltr'>leves</span> <span class='ocrx_word' id='word_1_177' title='bbox 549 2945 665 3020; x_wconf 82' lang='lat' dir='ltr'>culpare</span> <span class='ocrx_word' id='word_1_178' title='bbox 679 2943 802 3020; x_wconf 85' lang='lat' dir='ltr'>puellas,</span> 
     </span>
     <span class='ocr_line' id='line_1_29' title="bbox 151 3042 961 3119; baseline -0.002 -21"><span class='ocrx_word' id='word_1_179' title='bbox 151 3042 192 3101; x_wconf 87' lang='lat' dir='ltr'>Et</span> <span class='ocrx_word' id='word_1_180' title='bbox 204 3045 297 3102; x_wconf 88' lang='lat' dir='ltr'>totam</span> <span class='ocrx_word' id='word_1_181' title='bbox 311 3062 349 3101; x_wconf 87' lang='lat' dir='ltr'>ex</span> <span class='ocrx_word' id='word_1_182' title='bbox 361 3043 477 3102; x_wconf 89' lang='lat' dir='ltr'>Helena</span> <span class='ocrx_word' id='word_1_183' title='bbox 489 3063 549 3102; x_wconf 89' lang='lat' dir='ltr'>non</span> <span class='ocrx_word' id='word_1_184' title='bbox 560 3045 665 3119; x_wconf 84' lang='lat' dir='ltr'>probat</span> <span class='ocrx_word' id='word_1_185' title='bbox 678 3042 782 3100; x_wconf 91' lang='lat' dir='ltr'>Iliada.</span> <span class='ocrx_word' id='word_1_186' title='bbox 924 3045 961 3097; x_wconf 82' lang='lat'>50</span> 
     </span>
    </p>

    <p class='ocr_par' dir='ltr' id='par_1_17' title="bbox 114 3141 939 3318">
     <span class='ocr_line' id='line_1_30' title="bbox 114 3141 939 3218; baseline -0.004 -17"><span class='ocrx_word' id='word_1_187' title='bbox 114 3142 171 3202; x_wconf 85' lang='lat' dir='ltr'>Seu</span> <span class='ocrx_word' id='word_1_188' title='bbox 184 3142 258 3200; x_wconf 91' lang='lat' dir='ltr'>mihi</span> <span class='ocrx_word' id='word_1_189' title='bbox 272 3146 342 3201; x_wconf 91' lang='lat' dir='ltr'>sunt</span> <span class='ocrx_word' id='word_1_190' title='bbox 351 3145 499 3217; x_wconf 82' lang='lat' dir='ltr'>tangenda</span> <span class='ocrx_word' id='word_1_191' title='bbox 511 3164 652 3203; x_wconf 87' lang='lat' dir='ltr'>novercae</span> <span class='ocrx_word' id='word_1_192' title='bbox 664 3143 770 3218; x_wconf 88' lang='lat' dir='ltr'>pocula</span> <span class='ocrx_word' id='word_1_193' title='bbox 782 3141 939 3211; x_wconf 89' lang='lat' dir='ltr'>Phaedrae,</span> 
     </span>
     <span class='ocr_line' id='line_1_31' title="bbox 151 3240 701 3318; baseline 0.002 -19"><span class='ocrx_word' id='word_1_194' title='bbox 151 3241 261 3301; x_wconf 89' lang='lat' dir='ltr'>Pocula</span> <span class='ocrx_word' id='word_1_195' title='bbox 273 3240 407 3318; x_wconf 83' lang='lat' dir='ltr'>privigno</span> <span class='ocrx_word' id='word_1_196' title='bbox 420 3262 479 3301; x_wconf 93' lang='lat' dir='ltr'>non</span> <span class='ocrx_word' id='word_1_197' title='bbox 493 3241 627 3301; x_wconf 88' lang='lat' dir='ltr'>nocitura</span> <span class='ocrx_word' id='word_1_198' title='bbox 640 3261 701 3313; x_wconf 91' lang='lat' dir='ltr'>suo,</span> 
     </span>
    </p>

    <p class='ocr_par' dir='ltr' id='par_1_18' title="bbox 113 3337 870 3418">
     <span class='ocr_line' id='line_1_32' title="bbox 113 3337 870 3418; baseline -0.005 -18"><span class='ocrx_word' id='word_1_199' title='bbox 113 3341 171 3401; x_wconf 85' lang='lat' dir='ltr'>Seu</span> <span class='ocrx_word' id='word_1_200' title='bbox 185 3341 258 3400; x_wconf 91' lang='lat' dir='ltr'>mihi</span> <span class='ocrx_word' id='word_1_201' title='bbox 272 3341 388 3401; x_wconf 89' lang='lat' dir='ltr'>Circaeo</span> <span class='ocrx_word' id='word_1_202' title='bbox 401 3342 583 3418; x_wconf 89' lang='lat' dir='ltr'>pereundum</span> <span class='ocrx_word' id='word_1_203' title='bbox 596 3344 641 3401; x_wconf 91' lang='lat' dir='ltr'>est</span> <span class='ocrx_word' id='word_1_204' title='bbox 655 3338 793 3415; x_wconf 84' lang='lat' dir='ltr'>gramine,</span> <span class='ocrx_word' id='word_1_205' title='bbox 810 3337 870 3397; x_wconf 80' lang='lat' dir='ltr'>sive</span> 
     </span>
    </p>
   </div>
   <div class='ocr_carea' id='block_1_3' title="bbox 0 0 1089 3720">
    <p class='ocr_par' dir='ltr' id='par_1_19' title="bbox 0 0 1089 3720">
     <span class='ocr_line' id='line_1_33' title="bbox 0 0 1089 3720; baseline 0 0"><span class='ocrx_word' id='word_1_206' title='bbox 0 0 1089 3720; x_wconf 95' lang='lat' dir='ltr'> </span> 
     </span>
    </p>
   </div>
  </div>
 </body>
</html>
