2168 3720
265 209 483 269 1110111111
504 210 564 270 nn.
584 212 647 286 111,
666 216 775 273 13.14.
910 220 947 272 ee

135 369 317 428 Praebebunt
330 367 435 427 vestris
448 372 537 429 verba
548 370 675 446 benigna
687 372 760 431 foeis
772 394 779 430 :

97 472 116 499 ‘¹
128 468 168 526 Et
180 468 319 542 leporem,
335 467 513 544 quicumque
526 468 618 542 venis,
634 470 794 544 venaben's,
811 473 923 549 hospes,

130 566 174 642 Et
188 565 212 623 si
225 563 301 624 torte
314 584 378 623 meo
390 565 509 624 tramite
523 567 639 642 quaeris
653 588 754 628 avem:

94 664 135 722 Et
148 683 194 722 me
207 664 289 721 Pana
301 663 357 722 tibi
370 663 504 723 comitem
517 665 553 723 de
566 685 639 742 rupe
653 671 764 740 vocato,
909 676 946 729 45

136 761 204 821 Sive
217 765 300 838 petes
313 752 424 820 calama
435 764 564 839 praemia
577 765 638 823 sive
652 765 752 824 eane.”

94 862 137 920 At
149 880 229 920 nune
241 860 363 920 desertis
377 866 491 920 cessant
505 862 628 922 sacraria
641 864 733 923 lueis:

134 961 249 1018 Aurum
263 978 361 1018 omnes
374 959 453 1019 vista
465 960 525 1018 iam
537 960 648 1036 pietate
662 950 772 1023 salunt.

95 1061 177 1117 Auro
189 1059 275 1134 pulsa
287 1057 369 1130 fides,
384 1077 454 1116 auro
468 1059 583 1117 venalia
596 1059 678 1118 iura:

134 1158 249 1216 Aurum
261 1157 312 1216 lex
326 1156 469 1234 sequitur,
485 1176 552 1215 mox
566 1157 627 1216 sine
641 1158 706 1233 lege
719 1159 823 1234 pudor.
910 1167 946 1218 50

96 1258 217 1316 Terrida
231 1255 403 1331 sacrilegum
416 1259 565 1315 testantur
576 1255 679 1315 limina
691 1257 849 1331 Brennum,

135 1357 214 1415 Dum
227 1355 305 1432 petit
316 1354 427 1413 intonsi
440 1354 550 1432 Pythia
562 1373 652 1429 regna
665 1355 729 1414 dei:

94 1457 139 1514 At
152 1475 233 1514 mons
248 1455 391 1529 laurigero
405 1474 559 1513 concussus
573 1453 683 1513 vertice
697 1454 773 1514 diras

135 1554 249 1614 Gallica
261 1555 405 1612 Parnasus
419 1552 525 1629 sparsit
537 1553 568 1611 in
583 1572 662 1612 arma
674 1553 766 1613 nives.

49 1717 52 1722 ,
96 1655 134 1712 Te
147 1654 241 1713 scelus
254 1656 372 1728 accepto
386 1650 507 1710 Thracis
520 1652 727 1729 Polymestoris
741 1673 811 1712 auro
909 1661 945 1713 55

134 1752 240 1812 Nutrit
252 1752 284 1810 in
297 1751 424 1827 hospitio
438 1770 507 1822 non,
523 1751 675 1827 Polydore,
691 1752 748 1829 pio.

96 1852 142 1910 Tu
156 1872 272 1929 quoque
285 1856 321 1910 ut
334 1853 450 1910 auratos
464 1869 586 1924 gereres,
603 1850 754 1928 Eriphyla,
770 1851 902 1923 lacertos,

135 1950 263 2027 Dilapsis
276 1969 421 2027 nusquam
435 1951 480 2006 est
493 1948 689 2024 Amphiaraus
703 1950 795 2027 equis.

96 2053 265 2128 Proloquar,
282 2053 370 2127 atque
383 2049 497 2107 utinam
511 2048 622 2124 patriae
637 2049 690 2106 sim
704 2070 791 2108 verus
804 2051 946 2126 aruspex!

136 2150 295 2224 Frangitur
307 2149 371 2224 ipsa
384 2148 444 2206 suis
457 2147 550 2205 Roma
564 2148 688 2223 superba
700 2147 793 2207 bonis.
910 2154 947 2206 60

98 2249 184 2308 Certa
206 2250 319 2325 loquor,
345 2247 395 2306 sed
417 2246 501 2305 nulla
524 2246 615 2304 fides:
638 2246 833 2323 nequeenim
851 2247 909 2305 Ilia

176 2347 322 2424 quondam

136 2446 236 2505 Verax
248 2444 413 2519 Pergameis
426 2444 546 2502 Maenas
559 2443 692 2501 habenda
704 2442 799 2502 malis.

98 2545 165 2603 Sola
178 2544 276 2603 Parim
289 2544 435 2621 Phrygiae
447 2543 544 2601 latum
558 2562 736 2619 componere,
752 2545 814 2601 sola

136 2643 283 2701 Fallaeam
296 2641 406 2718 patriae
420 2660 533 2717 serpere
547 2641 625 2700 dixit
639 2661 756 2718 equum.

96 2742 154 2799 Ille
168 2740 250 2799 furor
262 2741 374 2816 patriae
386 2739 446 2798 tuit
458 2739 551 2812 utilis,
566 2739 618 2798 ille
631 2740 763 2814 parenti:
910 2746 945 2798 65

137 2841 268 2915 Experta
281 2842 326 2897 est
338 2857 421 2897 veros
433 2837 518 2896 irrita
531 2837 634 2912 lingua
647 2838 723 2896 deos.

491 3034 552 3073 XIV.

97 3137 195 3194 Multa
207 3139 286 3207 tuae,
302 3135 414 3211 Sparte,
429 3133 569 3192 miramur
582 3133 647 3192 iura
659 3134 829 3209 palaestrae,

138 3236 195 3294 Sed
208 3254 291 3308 mage
304 3233 429 3308 virginei
441 3238 488 3292 tot
500 3235 575 3292 bona
589 3232 742 3310 gymnasii,

98 3334 183 3398 Quod
195 3353 254 3392 non
267 3333 371 3392 infami
384 3352 411 3392 se
425 3334 541 3392 exercet
554 3351 671 3408 corpore
684 3331 785 3391 ludera
