2168 3720
289 222 507 282 PROPERTII
527 223 587 280 EL.
604 223 647 295 II,
665 227 711 281 22.
728 228 774 280 23.
922 227 958 278 53

108 381 206 448 Quid?
218 381 299 440 ferus
307 381 526 439 Andromachae
536 381 612 439 lecte
623 401 688 439 eum
699 385 830 455 surgeret
838 380 957 450 Hector,

148 483 232 540 Bella
245 481 420 559 Mycenaeae
433 501 492 540 non
504 481 628 541 timuere
641 481 742 540 rates?

108 583 167 641 Ille
180 582 228 641 vel
241 582 289 641 hie
303 583 407 640 classes
420 585 536 658 poterat
548 582 597 640 vel
609 581 729 656 perdere
741 599 847 638 muros.

148 681 206 739 Hie
220 700 273 755 ego
286 680 410 753 Pelides,
426 681 475 738 hie
488 680 568 739 ferus
581 680 693 738 Hector
706 698 768 753 ego.
827 748 830 753 y

108 780 216 854 Aspice
229 778 276 838 uti
290 779 368 837 caelo
381 780 464 837 modo
479 778 521 836 sol
534 778 618 836 modo
631 778 703 835 luna
715 776 879 835 ministret:
923 783 959 833 35

150 877 198 935 Sic
212 877 299 936 etiam
313 877 396 936 nobis
409 897 468 935 una
481 877 581 953 puella
592 896 696 952 parum
709 878 763 934 est.

109 977 213 1034 AItera
225 996 271 1035 me
285 976 399 1052 cupidis
411 979 511 1035 teneat
523 975 679 1052 foveatque
692 972 817 1044 lacertis,

149 1076 252 1134 Altera
266 1076 290 1134 si
304 1076 420 1153 quando
434 1094 494 1133 non
507 1075 578 1132 sinit
592 1094 653 1132 esse
667 1074 771 1144 locum,

109 1177 173 1235 Aut
187 1177 211 1234 si
224 1177 300 1235 forte
313 1177 389 1236 irata
401 1196 465 1235 mec
480 1176 518 1235 sit
530 1176 609 1234 faeta
621 1173 763 1245 ministro,

149 1276 192 1335 Ut
205 1276 277 1334 sciat
291 1295 352 1334 esse
366 1275 460 1346 aliam,
477 1293 552 1350 quae
565 1273 639 1332 velit
652 1293 713 1332 esse
726 1292 799 1330 mea.
923 1278 959 1329 40

110 1375 187 1433 Nam
199 1375 304 1433 melius
317 1369 377 1432 duo¹
388 1373 549 1432 defendunt
562 1372 723 1432 retinacula
735 1371 842 1448 navim,

149 1473 255 1532 Tutius
268 1476 299 1533 et
312 1473 441 1547 geminos
455 1472 544 1530 anxia
556 1474 650 1530 mater
662 1471 726 1530 alit.

530 1571 550 1609 e

110 1651 182 1722 Aut,
198 1650 222 1708 si
236 1670 266 1710 es
279 1651 359 1723 dura,
375 1670 467 1725 nega:
490 1650 536 1708 sin
549 1670 579 1709 es
592 1669 651 1708 non
664 1650 745 1724 dura,
759 1648 868 1709 venito.
890 1665 893 1672 ’

151 1749 228 1814 Quid
240 1749 323 1808 iuvat
337 1753 368 1809 et
380 1750 463 1807 nulle
475 1769 583 1825 ponere
596 1751 685 1808 verba
697 1748 783 1808 leco?

63 1828 67 1836 ⁴
110 1847 169 1905 Hic
181 1867 258 1906 unus
271 1848 353 1906 dolor
366 1851 411 1907 est
424 1868 462 1906 ex
475 1848 608 1907 omnibus
621 1869 686 1907 acer
698 1849 816 1920 amanti,
922 1856 958 1905 45

151 1948 285 2023 Speranti
299 1948 394 2007 subite
408 1949 433 2007 si
447 1969 505 2026 qua
518 1949 618 2008 venire
630 1954 728 2024 negat.

111 2046 228 2111 Quanta
240 2047 326 2105 illum
338 2050 401 2106 tcto
414 2051 532 2106 versant
546 2047 670 2123 suspiria
682 2049 767 2117 lecte,

151 2145 220 2203 Cum
234 2144 333 2220 recipi,
351 2165 438 2223 quem
450 2166 510 2204 non
523 2146 645 2218 noverit,
661 2146 712 2204 ille
720 2149 818 2220 putat.

112 2244 153 2301 Et
165 2263 266 2301 rursus
279 2263 403 2319 puerum
416 2244 580 2321 quaerendo
594 2244 694 2303 audita
705 2242 820 2318 fatigat,

155 2341 247 2412 Qmm,
261 2361 329 2419 quaa
342 2343 411 2401 scire
426 2343 512 2416 timet,
527 2342 706 2418 dc'ecresartc
719 2342 800 2401 iudet.
922 2350 960 2399 50

487 2499 577 2542 xxm.

111 2577 166 2636 cui
179 2577 239 2636 fuit
252 2577 363 2637 indocti
375 2578 516 2654 fugienda
530 2584 560 2638 et
574 2579 677 2639 semita
690 2579 782 2654 vulgi,

150 2677 219 2752 Ipsa
231 2676 325 2753 petita
336 2677 403 2735 lacu
416 2697 495 2736 nunc
508 2677 582 2735 mihi
594 2678 687 2736 dulcis
700 2697 776 2756 aqua
789 2681 842 2738 est.

112 2775 264 2849 Ingenuus
277 2777 432 2853 quisquam
446 2776 567 2836 alterius
580 2777 630 2835 dat
643 2797 764 2836 munere
777 2797 867 2848 servo,

151 2874 193 2933 Ut
202 2874 341 2951 promissa
355 2895 423 2934 suae
436 2877 525 2934 verba
536 2876 613 2935 ferat
625 2876 779 2935 dominae?

113 2972 153 3030 nt
161 2972 276 3049 quaerit
284 2973 405 3032 totiens:
425 2974 599 3039 “Quaenam
608 2995 687 3034 nunc
696 2971 825 3050 porticus
833 2975 914 3032 illam
945 2980 961 3031 5

153 3071 267 3146 Integit
277 3071 310 3130 ?''
326 3076 356 3131 et
372 3077 391 3104 “
402 3071 508 3148 Campo
523 3093 580 3151 quo
593 3077 692 3132 movet
704 3073 757 3132 illa
769 3074 880 3149 pedes?
891 3073 909 3101 ''

113 3170 235 3243 Deinde,
251 3169 303 3228 ubi
315 3171 480 3246 pertuleris,
497 3192 569 3249 quos
582 3171 654 3231 dicit
666 3172 752 3245 fama,
768 3173 879 3232 labores

154 3268 302 3341 HereuJis,
318 3273 353 3327 ut
367 3269 493 3328 scribat:
519 3270 679 3330 “Muneris
692 3271 797 3348 ecquid
809 3272 940 3330 habes?’'

116 3367 239 3426 Cernere
252 3367 299 3426 uti
311 3367 403 3445 possis
416 3370 533 3429 vultum
547 3369 675 3430 custodis
687 3370 790 3445 amari,
