2168 3720
275 257 494 316 PROPERTII
514 257 574 316 ΕΙ.
597 256 660 330 ΙΙΙ,
683 261 711 315 2.
728 260 756 316 3.
903 255 939 311 75

92 417 154 476 Nec
167 435 232 474 mea
244 416 390 474 Phaeacas
404 419 532 492 aequant
545 415 675 492 pomaria
689 414 786 487 silvas,

132 515 200 573 Non
213 533 331 590 operosa
343 513 421 589 rigat
433 515 563 573 Marcius
576 519 661 575 antra
673 514 772 592 liquor
783 535 790 572 ε
844 599 847 606 .

92 617 135 674 At
148 633 246 672 musae
260 613 388 686 comites,
404 617 434 672 et
448 614 575 672 carmina
589 634 655 672 cara
666 613 787 689 legenti,
905 614 939 668 15

132 715 192 772 Nec
204 713 317 772 defessa
330 712 424 772 choris
438 713 587 790 Calliopea
599 713 680 772 meis.

93 814 264 884 Fortunata,
280 831 344 870 mec
359 811 383 870 si
397 816 514 888 quaest
528 812 674 870 celebrata
685 810 785 869 libello
797 808 804 867 1

133 910 267 969 Carmina
280 913 367 968 erunt
378 909 488 968 formae
501 912 547 969 101
560 909 737 967 monimenta
750 912 828 968 tuae.

93 1010 123 1067 N
123 1028 170 1067 am
183 1027 279 1086 neque
291 1007 477 1085 pyramidum
491 1011 625 1082 sumptus
639 1008 676 1066 ad
690 1007 783 1065 sidera
796 1004 886 1078 ducti,

133 1107 162 1166 N
163 1127 195 1166 ec
209 1107 289 1165 Iovis
302 1107 368 1165 Elei
382 1107 494 1165 caelum
507 1106 624 1166 imitata
637 1105 747 1178 domus,
903 1107 941 1160 20

93 1206 156 1265 Nec
169 1205 312 1264 Mausolei
326 1205 407 1264 dives
419 1205 540 1264 fortuna
554 1203 680 1280 sepulcri

133 1303 238 1363 Mortis
251 1305 287 1362 ab
301 1307 433 1362 extrema
446 1303 613 1362 condicione
625 1305 741 1362 vacant.

93 1404 158 1462 Aut
170 1403 230 1462 illis
243 1403 359 1461 flamma
373 1405 425 1461 aut
437 1402 532 1460 imber
545 1403 665 1461 seducet
678 1402 810 1475 honores,

134 1506 286 1562 Annorum
299 1505 352 1562 aut
364 1503 435 1575 ictu,
451 1503 578 1579 pondere
591 1503 678 1576 victa,
694 1508 790 1564 ruent.

94 1603 137 1661 lt
149 1622 208 1661 non
220 1601 339 1678 ingenio
353 1602 519 1680 quaesitum
531 1622 637 1661 nomen
652 1605 688 1662 ab
703 1623 773 1663 aevo
904 1607 941 1660 25

136 1702 280 1762 Excidet:
301 1701 419 1778 ingenio
433 1705 492 1762 stat
506 1701 568 1760 sine
581 1706 674 1761 morte
687 1703 784 1763 decus.

494 1899 542 1938 111.

94 1998 183 2058 Visus
196 2018 275 2058 eram
287 1998 370 2057 molli
383 1999 527 2058 recubans
541 1998 693 2058 Heliconis
706 1998 739 2056 in
751 1999 862 2071 umbra,

133 2097 371 2174 Bellerophontei
384 2118 443 2176 qua
455 2098 524 2157 fluit
537 2117 622 2156 umor
635 2095 713 2174 equi,

95 2196 199 2270 Reges,
214 2197 300 2269 Alba,
315 2199 383 2255 tuos
397 2202 427 2256 et
440 2217 543 2272 regum
556 2196 636 2255 iacta
648 2199 776 2268 tucrum,

135 2294 263 2354 Tantum
275 2294 378 2371 operis,
393 2295 492 2354 nervis
504 2294 615 2353 hiscere
628 2313 711 2371 posse
724 2294 805 2366 meis,

95 2394 247 2471 Parvaque
259 2397 321 2452 tam
333 2393 447 2469 magnis
460 2395 606 2452 admoram
619 2392 750 2452 lontibus
765 2413 823 2467 ora,
926 2398 943 2452 5

134 2492 220 2550 Unde
232 2493 317 2567 pater
329 2491 432 2551 sitiens
445 2492 560 2549 Ennius
573 2495 642 2550 ante
655 2490 739 2564 bibit,

96 2590 137 2648 Et
151 2589 243 2648 cecini
257 2589 359 2648 Curios
372 2589 478 2648 fratres
492 2593 522 2649 et
535 2590 661 2649 Horatia
672 2591 743 2667 pila,

134 2690 286 2768 Regiaque
299 2690 426 2749 Aemilia
438 2694 524 2749 vecta
536 2694 655 2768 tropaea
667 2696 739 2764 rate,

95 2788 296 2866 Victricesque
309 2808 403 2846 moras
416 2788 502 2848 Fabii
515 2809 703 2868 pugnamque
717 2790 864 2849 sinistram

136 2888 317 2946 Cannensem
332 2891 362 2947 et
375 2907 472 2946 versos
487 2889 523 2947 ed
536 2889 585 2965 pia
598 2893 667 2949 1010
680 2890 756 2961 deos,
909 2892 945 2946 10

95 2985 350 3063 Hannibalemque
364 2985 453 3046 Lares
467 2987 598 3046 Romana
612 2988 678 3046 sede
693 2987 839 3062 fugantes,

134 3083 256 3143 Anseris
269 3087 301 3144 ct
312 3087 413 3144 tutum
425 3106 496 3145 1000
509 3086 600 3145 fuisse
614 3085 734 3145 Iovem:

96 3182 171 3241 Cum
183 3201 229 3242 me
243 3182 371 3241 Castalia
385 3184 536 3259 speculans
551 3204 589 3242 ex
602 3185 703 3242 arbore
716 3183 852 3242 Phoebus

137 3280 186 3340 Sic
199 3281 250 3354 ait,
267 3286 369 3340 curata
381 3283 471 3340 nixus
484 3283 520 3340 ad
534 3286 619 3341 antra
630 3282 705 3360 lyra.

101 3384 120 3414 “
130 3379 208 3445 Quid
218 3379 274 3439 tibi
285 3399 351 3439 cum
362 3379 424 3454 teli,
435 3381 564 3458 demens,
574 3383 621 3443 est
628 3380 771 3443 ilumme‘l
786 3381 900 3460 quiete
912 3386 958 3438 vs
1013 3440 1017 3461 Ι,
