2168 3720
135 230 139 237 -
160 205 197 258 62
336 201 554 261 rnornnrn
575 203 635 261 uu.
657 203 701 275 Π,
726 207 772 262 ro.
790 207 836 260 29.

111 391 148 434 (o)
160 360 239 417 Ante
252 361 377 436 tuosque
389 360 478 436 pedes
490 360 543 419 illa
556 361 620 438 ipsa
633 364 751 438 operate
764 361 885 434 sedebit,

198 456 395 535 Narrabitque
409 458 512 518 sedens
523 459 613 534 longa
625 459 736 536 pericla
749 479 811 518 sua.

523 667 642 715 ΧΧΥῙΙΙ.ε

158 775 241 833 Haeo
253 777 316 848 tua,
331 776 523 853 Persephone,
539 781 656 837 maneat
669 777 833 848 elementia,
847 796 902 836 neo
915 781 962 849 tu,

198 874 400 950 Persephonae
414 874 551 947 coniunx,
568 875 680 934 saevior
693 895 755 934 esse
768 875 850 935 velis.

161 973 237 1032 Sunt
250 974 329 1050 apud
340 973 470 1033 infernos
482 977 529 1034 tot
541 974 623 1032 milia
635 975 845 1034 formosarum:

111 1085 149 1128 (ω)
199 1073 327 1132 Pulchra
339 1074 380 1132 sib
392 1073 424 1132 in
437 1073 557 1150 superis,
575 1073 692 1146 silicet,
707 1093 767 1132 una
779 1074 863 1132 locis.
957 1133 959 1139 ,

160 1171 317 1230 Vobiscum
330 1175 376 1232 est
388 1172 469 1249 Iope,
485 1172 634 1231 vobiscum
648 1171 770 1230 eandida
782 1172 869 1248 Tyro,
993 1177 1009 1228 5

199 1270 356 1329 Vobiscum
369 1271 495 1347 Europe,
510 1291 564 1330 neo
579 1272 670 1346 proba
682 1270 834 1347 Pasiphae,

160 1369 200 1427 Et
213 1371 286 1446 quot
299 1369 385 1428 Troia
397 1369 470 1429 tulit
482 1374 569 1429 vetus
583 1374 614 1430 et
627 1373 700 1447 quob
713 1371 826 1429 Achaia
837 1367 956 1444 formas,

199 1469 240 1526 Et
255 1468 355 1526 Thebe
368 1473 398 1528 et
411 1469 521 1528 Priami
534 1469 632 1529 diruta
645 1489 735 1545 regno
748 1469 843 1529 senis:
948 1503 949 1506 =

112 1587 149 1630 oo
161 1567 200 1626 ut
214 1587 415 1644 quaecumque
429 1574 492 1628 erat
504 1569 537 1626 in
549 1588 670 1627 numero
685 1569 816 1627 Romane
827 1569 937 1645 puelle,

200 1666 313 1725 Occidit
324 1688 332 1725 :
353 1669 407 1726 hes
420 1668 513 1726 omnis
527 1668 603 1742 ignis
617 1688 721 1726 avarus
734 1668 832 1727 habet.
976 1672 1011 1726 10

161 1767 222 1826 Neo
242 1767 336 1827 forma
358 1772 509 1827 aeternum
530 1773 582 1827 aut
602 1769 739 1845 cuiquem
759 1772 804 1828 est
822 1768 944 1828 fortuna
962 1788 1012 1845 pe-

238 1867 356 1925 renuis:

200 1964 329 2040 Longius
346 1968 399 2024 aut
411 1966 531 2042 propius
545 1985 621 2025 mors
635 1987 688 2026 sua
701 1986 847 2044 quemque
859 1969 970 2026 manet.

161 2066 207 2123 Tu
220 2065 358 2142 quoniam
371 2085 410 2138 es,
426 2067 566 2137 medior,
583 2086 687 2141 magno
701 2065 820 2124 dimisso
832 2065 951 2143 periclo,

113 2179 150 2224 (ω)
200 2165 325 2223 Munera
338 2163 450 2223 Dianae
464 2165 562 2223 debita
574 2165 662 2223 redde
676 2166 786 2234 choros,

161 2264 262 2322 Redde
275 2263 363 2322 etiem
377 2262 515 2322 excubias
525 2263 609 2321 divae
622 2252 709 2334 nuno,
721 2267 789 2322 ante
802 2263 952 2335 iuvencae,
978 2267 1013 2319 15

200 2362 322 2422 Votivos
335 2365 435 2420 noctes
449 2361 565 2419 etmihi
580 2362 658 2419 solve
672 2362 780 2419 decem.

543 2557 627 2596 XXIX.

161 2659 304 2731 Extrema,
321 2678 386 2716 mea
397 2659 461 2731 lux,
479 2678 544 2717 oum
557 2664 644 2734 potus
657 2661 741 2716 noete
755 2677 885 2733 vagarer,

201 2758 263 2816 Neo
276 2777 322 2815 me
337 2777 486 2816 servorum
499 2758 620 2816 duceret
632 2757 695 2815 ulla
708 2777 821 2830 manus,

162 2856 255 2915 Obvia
268 2856 365 2915 neseio
379 2859 452 2934 quot
464 2856 549 2932 pueri
562 2856 636 2914 mihi
648 2857 736 2914 turba
748 2856 863 2915 minute

201 2956 331 3014 Venerat
342 2957 445 3014 t-hos
459 2947 556 3014 vetuit
569 2975 615 3014 me
628 2974 780 3013 numerare
793 2955 881 3014 timor
894 2989 942 3028 —,

162 3054 293 3119 Quorum
307 3056 358 3114 alii
372 3056 491 3127 faculas,
509 3055 560 3113 elii
572 3055 698 3114 retinere
713 3053 843 3128 sagittus,
997 3060 1014 3111 5

200 3155 271 3213 Pars
285 3155 374 3214 etiam
387 3155 449 3213 visa
463 3158 508 3213 est
521 3154 618 3212 vincla
631 3172 734 3230 parare
747 3152 832 3211 mibi.

162 3254 219 3312 Sed
231 3253 304 3311 nudi
316 3253 444 3312 fuerant.
467 3273 591 3329 quorum
605 3251 741 3311 lascivior
754 3270 832 3309 unus

203 3357 222 3384 “
232 3351 364 3430 Arripite
379 3352 489 3427 huno,’'
504 3351 611 3428 inquit,
637 3356 656 3385 “
667 3351 725 3410 iam
740 3352 813 3409 bene
829 3349 921 3409 nostis
936 3369 1013 3408 eum.
