2168 3720
104 232 142 284 24
293 225 510 284 1111111111
532 225 591 283 11.
606 226 633 298 1,
650 230 698 283 1ο.
714 229 763 283 21.

144 385 250 443 Oscula
263 387 293 442 et
306 384 418 441 alterna
430 384 506 442 ferre
520 384 625 460 supina
636 381 718 457 iuga.

105 484 163 542 Ille
178 485 231 542 sub
245 486 375 541 extruas
387 483 516 558 pendens
530 481 690 540 secluditur
702 482 757 553 ala,

145 583 185 641 Et
197 582 329 641 volucres
342 602 422 640 ramo
436 566 588 640 submovet
600 580 729 639 insidias.
921 587 955 639 30

106 682 171 739 Iam
183 680 359 739 Pandioniae
373 682 460 739 cessit
474 699 566 755 genus
580 679 751 756 Orithyiae:

145 780 195 836 Ah
208 780 296 852 dolor,
311 779 374 838 ibat
386 780 492 858 Hylas,
507 779 571 837 ibat
582 777 809 855 Hamadryasin.

106 878 165 937 Hic
179 882 241 937 erat
254 878 402 953 Arganthi
414 878 492 952 Pege
506 879 560 936 sub
573 877 683 936 veitice
696 877 803 936 montis

146 978 236 1036 Grata
250 978 351 1036 domus
364 977 511 1055 Nymphis
523 976 624 1035 umida
637 976 809 1054 Thyniasin,

108 1075 202 1140 Quam
216 1095 304 1152 supra
316 1076 396 1134 nulli
406 1075 573 1151 pendebant
585 1075 684 1133 debita
697 1094 782 1133 curae
922 1080 957 1132 35

145 1174 271 1234 Roscida
283 1174 405 1233 desertis
417 1193 503 1250 poma
516 1176 570 1233 sub
584 1173 744 1246 arboribus,

107 1274 146 1332 Et
160 1273 268 1331 circum
280 1271 391 1346 irriguo
405 1273 564 1346 surgebant
576 1271 640 1330 11111
652 1272 737 1348 p'rato

147 1371 276 1429 Candida
288 1371 444 1448 purpureis
456 1371 551 1431 mixta
563 1372 767 1448 papaveribus,

108 1471 189 1535 Quae
202 1470 285 1528 modo
299 1470 453 1546 decerpens
469 1473 570 1530 tenero
582 1472 736 1548 pueriliter
748 1472 843 1548 ungui

147 1567 298 1644 Proposito
313 1568 414 1628 florem
427 1571 568 1646 praetulit
581 1571 683 1644 officio,
709 1572 715 1593 '²
924 1577 960 1629 40

109 1668 149 1726 Et
161 1667 245 1724 modo
259 1666 392 1726 formosis
404 1667 574 1728 incumbens
587 1670 702 1729 nescius
714 1669 801 1729 undis

148 1767 283 1825 Errorem
296 1766 411 1825 blandis
423 1769 521 1827 tardat
533 1768 720 1844 imaginibus.

110 1867 237 1924 Tandem
250 1866 368 1925 haurire
381 1871 466 1943 parat
478 1868 610 1927 demissis
623 1868 745 1927 flumina
757 1867 864 1945 palmis

149 1964 277 2024 Innixus
289 1966 393 2023 dextro
407 1967 495 2041 plena
507 1968 626 2026 trahens
639 1987 749 2026 umero.

111 2064 201 2123 Cuius
213 2068 249 2123 ut
262 2083 397 2123 accensae
410 2065 542 2142 Dryades
556 2066 678 2124 candore
691 2066 807 2143 puellae
924 2072 961 2123 45

150 2163 273 2222 Miratae
287 2163 386 2222 solitos
400 2163 558 2223 destituere
573 2165 681 2236 choros,

111 2263 281 2338 Prolspsum
294 2262 401 2321 leviter
412 2262 493 2321 facili
505 2267 622 2322 traxere
635 2263 767 2340 liquore:

151 2361 227 2419 Tum
240 2361 368 2420 sonitum
380 2365 464 2436 rapto
478 2381 594 2437 corpore
606 2362 678 2420 fecit
689 2361 795 2439 Hyles.

112 2461 167 2519 Oui
180 2461 282 2536 procul
294 2460 413 2519 Alcides
425 2459 513 2520 iterat
524 2480 661 2536 responsa
673 2481 680 2518 :
704 2460 753 2518 sed
766 2458 812 2518 illi

151 2559 265 2617 Nomen
278 2561 314 2618 ab
328 2559 466 2618 extremis
478 2557 609 2618 fontibus
623 2578 693 2617 aura
705 2558 806 2617 refert.
924 2563 962 2616 50

111 2659 177 2729 His,
194 2679 210 2716 o
225 2657 317 2729 Galle,
333 2660 400 2717 tuos
412 2657 540 2717 monitus
554 2657 681 2716 servabis
694 2676 812 2729 amores,

151 2759 321 2817 Formosum
333 2757 479 2834 Nymphis
492 2758 607 2816 credere
621 2757 701 2817 visus
714 2757 825 2836 Hylan,

504 2953 567 2991 XXI.

112 3055 157 3113 Tu
171 3055 222 3132 qui
236 3057 396 3128 consortem
409 3072 544 3129 properas
558 3054 678 3112 evadere
692 3072 798 3126 casum,

151 3154 246 3226 Miles,
263 3156 298 3213 ab
312 3151 444 3213 Etruscis
458 3152 573 3210 saueius
587 3151 749 3226 aggeribus,

113 3252 190 3317 Quid
203 3257 301 3312 nostro
315 3251 426 3327 gemitu
438 3252 588 3325 turgentia
600 3252 713 3311 lumina
724 3247 867 3329 torques?

150 3351 220 3409 Pars
234 3371 287 3426 ego
301 3371 364 3411 sum
378 3355 490 3412 vestrae
503 3351 637 3428 proxima
649 3350 781 3410 militiae.
