2168 3720
115 206 127 258 1
419 196 657 255 PRAEFATIO.

111 358 251 433 Aprieum
256 355 355 432 seipas
368 374 469 414 vereor
478 374 516 414 ne
524 354 564 414 sit
572 373 732 432 oxymoron
740 371 828 414 sensu
838 371 964 413 eassum.

112 458 174 516 Iste
188 456 267 515 enim
283 454 443 514 adieetivus
463 470 577 530 semper
588 453 621 512 ni
634 453 723 512 fallor
736 453 805 512 solis
825 453 968 512 elarorem
1005 457 1009 461 ’

113 577 179 617 eum
192 557 286 616 calore
300 555 491 630 significabat.
526 554 647 631 Africus
660 573 720 613 non
732 553 864 613 mutavi:
888 553 968 630 apud

113 655 251 715 Ovidium
266 653 344 712 enim
357 654 430 712 Met.
445 657 470 711 1.
489 656 554 724 120,
573 653 677 717 ‘emtis
690 652 798 728 glacies
811 650 966 711 adstrieta'

113 755 229 829 dieitur,
248 756 278 813 et
290 753 411 828 Africus
424 771 476 828 pro
494 754 582 810 vento
604 751 736 828 quolibet
752 751 884 827 posuisse
896 751 967 810 1²10-

113 853 241 931 pertium
256 871 315 911 non
327 849 497 909 incredibile
511 852 565 908 est.
608 849 685 914 Quid
698 849 778 927 qued
789 848 902 908 Auster
914 847 967 907 iri-
1008 924 1011 929 β

114 953 199 1029 gidus
218 952 391 1028 appelletur,
416 955 443 1008 3.
469 954 517 1008 26.
547 949 607 1008 36?
647 950 732 1015 Quod
753 949 778 1008 si
800 949 968 1008 coniectura

113 1055 211 1113 locum
226 1071 327 1111 sanare
339 1051 455 1123 vellem,
472 1050 626 1109 scriberem
638 1051 825 1110 Adametem.
855 1049 901 1108 ef.
911 1048 965 1108 Ov.

114 1155 135 1212 l.
154 1173 197 1226 e.;
226 1153 314 1211 Trist.
340 1156 368 1210 2.
395 1155 461 1209 196.
508 1151 672 1209 Adstrietes
695 1149 793 1225 ylario,
818 1146 965 1207 Eldikius.

114 1253 203 1310 Peter
225 1255 291 1310 tum
313 1252 389 1309 esset
407 1249 517 1308 flumen
536 1249 586 1308 vel
599 1248 704 1307 Tanais
723 1248 773 1308 vel
791 1247 966 1320 Danubius;

115 1350 159 1409 ita
179 1349 256 1409 enim
275 1348 381 1408 fluvios
399 1367 519 1424 magnos
546 1348 736 1424 appellabant
759 1366 827 1406 eum
851 1345 964 1418 Graeci,

115 1451 180 1507 tum
193 1447 302 1507 Latini.

157 1553 184 1606 3.
208 1552 255 1607 51.
278 1551 303 1605 te
316 1546 355 1606 N.
396 1547 547 1606 Exeidisse
567 1566 666 1606 veram
678 1565 779 1605 veeem
792 1545 885 1604 erede.
901 1563 969 1604 noea

117 1646 229 1723 seripsi.
245 1645 282 1704 al.
308 1645 362 1705 Ov.
382 1646 461 1705 Fest.
486 1651 512 1705 l.
535 1651 592 1705 81:
621 1664 697 1705 nove
711 1664 843 1722 purpura
861 1645 967 1720 fulget.

117 1746 172 1804 aba·
183 1745 215 1803 Η
228 1746 327 1818 vulgo.
368 1748 396 1802 et
408 1747 487 1802 reate
501 1763 531 1802 se
544 1744 683 1803 haberet:
706 1744 796 1803 etiem
810 1748 861 1803 er.

158 1850 186 1902 3.
209 1849 256 1902 52.
277 1863 348 1902 meaa
361 1843 399 1916 N,
416 1844 452 1901 ab
465 1842 505 1901 H.
517 1862 583 1901 eum
597 1843 677 1901 eodd.
689 1841 836 1919 plerisque
845 1840 969 1920 pessime

117 1944 149 2002 in
163 1949 224 2002 tuae
238 1947 394 2002 mutatum.

159 2049 186 2102 3.
209 2049 256 2102 54.
279 2043 352 2102 lassos
364 2041 403 2101 N.

159 2148 186 2201 3.
210 2147 256 2200 55.
283 2140 435 2201 &aeneidos
450 2140 487 2199 N.
530 2140 610 2199 Oorr.
625 2139 763 2214 Sealiger.

159 2247 187 2299 3.
210 2244 257 2298 61.
278 2241 355 2299 orne
368 2240 406 2299 N.
566 2245 593 2300 3.
616 2245 663 2299 62.
687 2237 929 2316 SueeinetequeN.

160 2345 187 2397 3.
210 2343 256 2396 64.
279 2338 391 2398 carbasa
413 2339 472 2398 line
492 2338 571 2398 libri.
617 2337 730 2398 carbasa
750 2338 833 2413 pieta
854 2335 971 2413 scripsit

119 2439 288 2515 Propertius
302 2444 355 2498 eut
367 2459 420 2514 ego
433 2440 529 2499 fallor.
555 2440 615 2498 line
628 2441 723 2514 glossa
735 2437 803 2497 luit.
845 2437 971 2496 Carbasa

119 2537 181 2595 lina
200 2556 259 2594 non
278 2537 370 2613 magis
383 2537 519 2598 dicebant
538 2538 663 2597 Romani
677 2557 765 2614 quem
777 2556 830 2594 nos
852 2535 971 2594 ‘flaxen

119 2636 220 2694 limen!
261 2637 301 2695 Et
327 2637 472 2695 sententia
490 2657 591 2696 vocem
610 2637 725 2711 flagitat
747 2654 822 2713 quae
841 2632 971 2710 pretium

121 2735 210 2795 vestis
223 2735 305 2795 <lueis
317 2737 432 2795 barbari
445 2736 478 2795 in
489 2737 583 2795 maius
597 2738 730 2797 extollat.

161 2840 189 2893 4.
214 2839 240 2894 1.
263 2836 384 2911 terpelee
397 2835 436 2895 N.
702 2839 730 2892 4.
754 2838 799 2892 12.
813 2832 878 2909 seeo
891 2831 931 2890 N.

161 2938 189 2991 4.
214 2933 259 2992 17.
280 2954 337 2993 ane
354 2934 433 3005 libri,
454 2953 527 2994 arna
547 2933 750 2992 Lachmannus
770 2932 815 2992 ed.
832 2936 859 3004 1,
884 2950 973 3008 quem

121 3032 331 3109 ineptissimam
344 3034 540 3093 eonieeturam
547 3031 777 3108 Hertzbergium
788 3029 932 3108 recepisse
941 3032 972 3089 et

120 3131 278 3206 palmarem
290 3133 437 3192 vocavisse
446 3133 542 3191 miror.

162 3236 190 3291 4.
214 3236 260 3293 32.
275 3232 384 3308 fernam
397 3233 435 3292 N.

163 3335 190 3390 4.
215 3336 260 3389 34.
283 3351 336 3391 ease
355 3332 404 3404 N.,
427 3333 564 3406 conspires
585 3331 661 3390 enim
681 3329 794 3407 passive
812 3327 973 3404 aeeipiebat
