2168 3720
323 225 542 286 PROPERTII
562 225 623 283 EL.
644 225 699 298 IV,
724 230 749 284 1.
907 227 962 286 107

367 760 492 819 LIBER
511 761 707 827 QUARTUS.

444 982 640 990 ——-—---

527 1153 549 1191 Ι.

112 1274 186 1347 Hoo,
200 1272 404 1351 quodcumque
413 1273 503 1347 vides,
515 1274 629 1351 hospes,
642 1271 865 1351 quammaxima
875 1273 966 1331 Roma

192 1375 245 1446 est,

153 1471 234 1530 Ante
247 1472 395 1549 Phrygem
408 1473 530 1531 Aenean
544 1472 626 1531 collis
639 1475 669 1531 eb
681 1472 772 1531 herba
783 1469 861 1530 luit:

113 1570 214 1647 Atque
227 1570 280 1629 ubi
293 1570 401 1631 Navali
415 1574 494 1631 stant
508 1591 588 1630 saera
600 1571 714 1630 Palatia
727 1571 852 1643 Phoebo,

153 1669 285 1727 Euandri
297 1670 438 1747 profugae
446 1673 629 1746 procubuere
642 1673 739 1730 boves.

113 1766 270 1828 Fictilibus
284 1789 399 1829 crevere
412 1769 474 1829 deis
486 1771 558 1829 hseo
572 1789 660 1829 aurea
672 1769 790 1847 templa,
949 1774 965 1825 5

154 1866 216 1926 Neo
229 1867 289 1927 luib
302 1870 455 1945 obprobrio
467 1869 548 1929 fasta
561 1869 622 1929 sine
636 1873 698 1928 sibe
712 1889 784 1942 oasa,

115 1965 313 2043 Taspeiusque
326 1971 410 2044 pober
422 1968 501 2026 nuda
514 1970 550 2027 de
563 1988 637 2046 rupe
649 1970 780 2040 tonabat,

154 2063 195 2123 Et
208 2063 321 2124 Tiberis
332 2066 441 2125 nostn‘s
454 2066 565 2125 advena
577 2068 674 2125 bubus
688 2069 759 2125 erat.

116 2162 182 2228 Quo
195 2163 332 2238 gradibus
345 2165 448 2224 domus
459 2165 518 2224 ista
530 2166 617 2224 Remi
630 2184 660 2224 se
674 2163 803 2235 sustulit,
820 2163 888 2223 olim

154 2263 240 2322 Unus
253 2267 315 2322 erat
327 2263 453 2323 fratrum
466 2263 595 2322 maxima
607 2283 697 2338 regua
709 2263 801 2323 ioous.
931 2268 966 2321 10

116 2360 211 2435 (luris,
228 2365 381 2438 praetexto
396 2381 472 2440 quae
484 2381 564 2421 nuno
576 2361 654 2421 nitet
666 2361 728 2419 alba
740 2364 852 2436 senatu,

154 2459 276 2519 Pellitos
289 2461 395 2521 habuit
407 2461 517 2521 rustica
530 2461 616 2519 ooula
628 2463 736 2536 patres.

115 2557 229 2617 Buoina
242 2560 362 2634 cogebat
373 2559 483 2637 priseos
496 2560 533 2620 ad
545 2560 635 2619 verba
647 2559 795 2624 Quin'bes:

156 2655 282 2716 Centum
293 2657 340 2716 illi
352 2659 385 2717 in
396 2663 480 2736 prato
494 2678 580 2736 saepo
594 2661 711 2718 senatus
724 2663 796 2719 erat.

116 2754 179 2813 Neo
192 2755 309 2815 sinuosa
322 2776 392 2817 oavo
404 2759 572 2835 pendebant
584 2757 651 2817 vela
663 2759 788 2829 theatro,
933 2762 966 2814 15

155 2854 277 2931 Pulpiba
289 2857 437 2915 sollemnis
449 2876 509 2915 non
522 2857 621 2916 oluere
634 2874 739 2915 orooos.

116 2952 202 3012 Nulli
216 2973 285 3014 eura
297 2954 359 3014 fuit
370 2959 508 3015 externos
522 2975 661 3034 quaerere
674 2955 765 3026 divos,

157 3051 231 3110 Cum
242 3056 382 3114 tremeret
393 3055 489 3132 patrio
503 3054 631 3132 pendula
643 3055 731 3112 tuba
744 3071 832 3125 soom,

117 3150 284 3229 Annuaque
298 3172 416 3212 aooenso
430 3154 575 3213 celebrare
588 3151 698 3212 Parilia
709 3149 806 3222 faeno,

157 3250 264 3315 Qualia
276 3270 355 3311 nuno
369 3256 451 3312 ousbo
465 3253 560 3312 lustra
571 3253 720 3312 novantur
732 3268 817 3326 equo.
931 3253 968 3304 20

118 3348 209 3408 Vesta
222 3351 365 3412 eoronabis
377 3353 490 3431 pauper
504 3353 649 3429 gaudebat
661 3351 768 3423 asellis,
814 3374 817 3378 ⁴
1020 3348 1028 3389 ³-
1046 3384 1063 3503 ‘
