2168 3720
147 191 203 244 112
334 188 554 247 tuoruum
574 190 635 248 BL
656 191 711 262 Iv,
736 197 809 250 1.2.

184 345 319 402 hircina:
342 365 497 421 persuasue
509 347 614 406 fallere
625 349 701 407 rima
713 355 761 408 sat
773 354 829 410 est.

144 445 232 502 Nunc
245 452 299 502 tua
311 445 360 502 vel
372 446 477 503 mediis
488 447 597 522 puppis
608 447 742 506 luctetur
754 449 787 507 in
800 451 899 522 undis,

184 543 240 600 Vel
252 543 324 601 licet
336 544 457 602 amatis
468 545 564 603 hostis
575 546 697 604 inermis
709 567 768 618 cus,

144 641 200 698 Vel
214 641 386 699 tremefacta
398 661 495 699 caron
508 643 600 701 tellus
612 644 733 703 diducat
744 645 862 705 hiatum
874 669 882 707 :

184 741 334 816 nuperis
347 742 453 799 saneti
466 750 552 816 terga
564 743 685 802 unicus
696 744 779 804 time.
949 754 1005 808 150

552 941 587 979 11.

146 1049 225 1114 Quid
237 1051 343 1108 nime
356 1071 436 1109 meas
447 1057 494 1110 tot
506 1051 539 1109 in
552 1072 612 1110 uno
625 1071 744 1128 corpore
757 1051 892 1112 formas?

184 1150 294 1225 Accipe
307 1149 465 1208 Vertumni
478 1151 563 1224 signa
575 1155 699 1226 paterna
710 1149 768 1208 dei.

145 1248 259 1305 Tuscus
271 1267 335 1321 ego,
349 1253 377 1305 et
390 1248 494 1307 Tuscis
506 1248 592 1321 orior,
607 1269 662 1308 neo
674 1250 808 1326 paenitet
821 1250 902 1311 inter

185 1346 301 1403 Proelia
313 1346 468 1404 Yolssnios
482 1347 643 1406 deseruisse
655 1348 745 1407 focos.

146 1444 229 1502 Haec
242 1464 289 1502 me
302 1449 391 1503 turba
402 1445 496 1516 iuvat,
511 1465 566 1504 neo
579 1447 690 1522 templo
703 1447 797 1505 lactor
810 1448 943 1508 eburno:
987 1456 1004 1506 5

186 1542 351 1600 Romanum
364 1542 436 1601 satis
448 1548 495 1602 est
506 1563 591 1618 posse
603 1545 703 1602 videre
715 1543 822 1606 forum.

146 1641 212 1698 Hac
225 1642 372 1717 quondam
385 1642 541 1700 Tiberinus
553 1643 613 1701 iter
624 1643 763 1715 faciebat,
780 1647 811 1702 et
824 1643 911 1703 aiunt

186 1739 344 1797 Remorum
357 1740 472 1799 auditos
484 1760 538 1816 per
550 1741 626 1799 vada
637 1741 724 1817 pulsa
737 1761 821 1800 sonos
833 1764 841 1800 ε

148 1842 190 1897 at
203 1848 358 1916 postquam
370 1839 423 1898 ille
436 1839 497 1897 suis
509 1843 628 1898 tantum
641 1840 784 1900 concessit
797 1841 935 1915 alumnis,

186 1938 368 1997 Vertumnus
380 1957 464 1997 verso
478 1937 558 1995 dicor
571 1939 608 1996 ab
623 1958 707 1997 amne
721 1940 803 1999 deus.
968 1947 1003 1998 10

149 2037 217 2107 Seu,
233 2037 303 2115 qnia
315 2037 460 2095 vertentis
472 2035 605 2094 fructum
617 2037 818 2114 praecepimus
831 2039 911 2112 anni,

188 2135 344 2195 vertumni
357 2155 458 2193 rursus
472 2135 603 2193 creditur
616 2155 678 2194 esse
692 2156 816 2195 sacrum.

148 2235 247 2292 Prima
260 2234 333 2292 mihi
346 2233 441 2291 variat
454 2233 616 2292 liventibus
629 2253 688 2293 uva
700 2235 831 2308 racemis,

188 2334 229 2392 Et
242 2353 322 2391 coma
334 2331 457 2390 lactenti
471 2332 567 2408 spicea
579 2332 667 2406 fruge
679 2337 785 2394 tumet.

148 2433 208 2490 Hic
221 2432 320 2490 dulces
334 2450 454 2501 cerasos,
469 2431 519 2490 hic
532 2432 714 2490 autumnalia
726 2452 823 2509 pruna
966 2436 1002 2490 15

189 2528 290 2588 Cernis
303 2532 333 2587 et
347 2528 457 2587 aestivo
471 2549 553 2587 mora
565 2531 670 2589 rubere
683 2530 740 2589 die.

149 2628 261 2686 insitor
272 2628 321 2685 hio
336 2629 423 2686 solvit
436 2648 554 2704 pomosa
567 2635 636 2689 vota
650 2649 762 2702 corona,

189 2727 262 2786 Oum
275 2727 357 2803 pirus
369 2727 462 2785 invito
476 2728 577 2804 stipite
591 2728 668 2786 mala
680 2728 762 2787 tuJit.

149 2826 278 2884 Mendax
291 2825 369 2884 fama
381 2845 468 2885 noces
481 2848 488 2885 :
512 2828 588 2886 alius
601 2827 674 2886 mihi
687 2827 815 2886 nominis
826 2827 937 2886 index:

188 2925 233 2983 De
247 2944 277 2983 se
290 2925 422 2983 narranti
435 2929 470 2984 tu
484 2927 568 2984 modo
583 2928 666 2985 oredo
679 2927 742 2985 deo.
964 2929 1002 2984 20

150 3026 321 3102 Opportuna
333 3045 398 3084 mea
411 3031 456 3084 est
470 3027 583 3086 eunctis
596 3032 702 3087 natine
715 3025 836 3102 figuris:

190 3126 226 3183 In
240 3143 453 3201 quamcumque
466 3125 547 3184 voles
560 3130 651 3198 verte,
668 3127 789 3185 decorus
804 3145 861 3184 ero.

149 3223 245 3280 Iudue
257 3242 304 3280 me
319 3222 393 3295 Cois,
409 3224 478 3281 fiam
491 3243 550 3282 non
563 3225 637 3283 (lura
649 3225 769 3301 puella:

188 3322 295 3398 Meque
309 3321 406 3380 virum
421 3325 538 3400 sumpta
552 3323 618 3400 quis
631 3328 720 3399 neget
734 3343 796 3384 esse
809 3323 902 3400 toga?
