2168 3720
318 209 535 268 PROPERTII
556 210 615 268 EL.
639 212 663 282 l,
684 215 729 269 16.

93 369 154 428 Ille
167 387 245 427 meos
258 388 420 445 numquam
431 368 544 445 patitur
556 368 736 445 requiescere
749 371 854 444 postes,

133 468 250 542 Arguta
262 467 392 527 referens
405 467 532 526 carmina
544 467 697 526 blanditia.

96 571 117 599 “
126 567 222 626 Ianua
232 561 284 625 rel
297 567 412 625 domina
425 565 543 643 penitus
556 566 700 625 crudelior
712 566 783 642 ipsa,

135 664 214 730 Quid
225 664 300 724 mihi
312 668 373 724 tam
386 665 467 723 duris
480 665 578 724 clausa
590 670 669 724 taces
681 665 815 725 loribus?

86 765 156 823 'Gur
167 784 328 842 numquam
340 768 467 824 reserata
479 784 558 824 meos
571 764 703 824 admittis
717 784 834 836 amores,

134 862 165 920 N
166 863 241 922 eseia
252 863 377 922 furtivas
390 863 509 922 reddere
522 867 601 922 mota
614 862 737 939 preces?

95 961 225 1020 Nullane
237 961 306 1020 finis
318 961 375 1020 erit
387 963 486 1020 nostro
500 981 633 1019 concessa
646 960 747 1035 dolori,

135 1058 242 1119 Tristis
255 1063 285 1119 et
297 1060 330 1117 in
342 1060 441 1136 tepido
454 1059 555 1118 limine
570 1079 686 1118 somnus
700 1059 780 1118 erit?

95 1159 145 1218 Me
158 1158 269 1218 mediae
282 1162 390 1230 noctes,
405 1177 451 1217 me
465 1157 559 1217 sidera
571 1177 662 1233 prona
674 1157 825 1229 iacentem,

133 1257 312 1334 Frigidaque
326 1276 376 1315 eoo
389 1276 436 1314 me
449 1257 529 1315 dolet
542 1276 612 1315 aura
626 1257 711 1331 gelu:

94 1356 141 1414 Tu
155 1356 217 1414 sola
228 1356 370 1414 humanos
382 1375 543 1433 numquam
556 1355 693 1414 miserata
706 1355 818 1414 dolores

135 1455 302 1531 Respondes
315 1453 414 1513 tacitis
427 1458 531 1513 mutua
544 1453 717 1513 cardinibus.

95 1555 120 1614 0
134 1554 249 1614 utinam
261 1554 384 1613 traiecta
397 1572 467 1611 cava
480 1572 544 1611 mea
557 1553 661 1612 vocula
673 1553 748 1612 rima

134 1655 288 1714 Percussus
301 1652 433 1712 dominae
445 1655 543 1711 vortat
555 1651 587 1709 in
601 1652 745 1710 auriculas
757 1652 764 1711 l

95 1753 143 1812 ait
155 1753 226 1812 licet
239 1756 269 1813 et
283 1771 352 1813 saxo
365 1751 523 1828 patientior
535 1751 588 1809 illa
602 1751 713 1823 Sicano,

136 1845 182 1904 Sit
194 1845 264 1904 licet
277 1848 308 1903 et
319 1844 396 1902 ferto
410 1843 509 1901 durior
521 1845 551 1901 et
564 1842 687 1919 chalybe
699 1864 707 1900 ε

95 1943 163 2002 Non
175 1947 275 2002 tamen
287 1943 340 2001 illa
353 1960 419 2000 suos
428 1940 537 2016 poterit
550 1959 728 2016 compescere
742 1941 855 2012 ocellos,

136 2044 243 2117 Surget
256 2045 287 2102 et
299 2042 401 2102 invitis
415 2040 533 2118 spiritus
545 2039 578 2097 iu
590 2040 727 2099 lacrimis.

95 2138 129 2200 N
125 2160 183 2200 unc
195 2141 273 2200 iacet
285 2140 406 2199 alterius
418 2137 499 2198 felici
512 2137 584 2196 nixa
596 2136 722 2194 lacerto:

135 2240 177 2298 At
188 2259 254 2299 mea
265 2242 407 2298 nocturno
419 2239 509 2297 verba
521 2236 628 2294 cadunt
640 2234 784 2311 Zephyro.

96 2338 155 2398 Sed
167 2341 203 2398 tu
217 2339 277 2397 sola
290 2337 356 2409 mei,
369 2341 405 2396 tu
418 2337 546 2396 maxima
558 2353 645 2394 causa
657 2333 771 2407 doloris,

135 2438 222 2496 Victa
234 2436 306 2496 meis
319 2456 487 2514 numquam,
502 2435 598 2505 ianua,
615 2432 792 2492 muneribus.

95 2537 138 2596 Te
151 2556 211 2595 non
222 2537 286 2595 ulla
297 2555 378 2594 meae
391 2535 478 2594 laesit
490 2531 655 2610 petulantia
667 2531 794 2606 linguae,

136 2635 218 2700 Quae
232 2636 306 2694 solet
317 2635 428 2711 ingrato
441 2633 537 2692 dicere
550 2635 615 2691 outa
628 2631 700 2703 loco,

96 2735 140 2793 Ut
152 2754 198 2793 mc
211 2739 272 2793 tam
284 2735 373 2807 longa
385 2751 505 2791 raucum
517 2731 628 2807 patiare
642 2731 772 2805 querella

137 2832 282 2892 Sollicitas
296 2832 384 2891 trivio
398 2830 572 2907 pervigilare
585 2848 688 2887 moras.

98 2936 140 2993 At
152 2935 208 2994 tibi
222 2955 306 3010 saepe
318 2953 394 2993 novo
408 2931 517 2991 deduxi
530 2931 657 2988 carmina
670 2949 764 2999 versu,

138 3033 301 3110 Osculaque
314 3030 452 3113 inpressis
464 3029 536 3088 nixa
548 3027 615 3087 dedi
628 3027 773 3101 gradibus.

98 3133 177 3191 Ante
190 3134 257 3191 tuos
271 3130 405 3208 quotiens
417 3128 495 3188 verti
507 3148 562 3199 me,
576 3127 695 3204 perfide,
710 3129 815 3201 postes,

137 3231 302 3307 Debitaque
315 3228 436 3289 occultis
449 3231 518 3288 vota
530 3227 589 3287 tuli
601 3225 735 3284 manibus
745 3224 779 3298 1²²,

97 3329 180 3390 Haec
192 3329 244 3390 ille
258 3333 288 3390 et
302 3329 326 3388 si
340 3347 414 3406 quae
427 3326 525 3388 miseri
537 3324 659 3385 novistis
673 3327 802 3382 amantes

498 3445 514 3487 c
529 3429 546 3486 2

911 214 946 267 19

910 372 944 425 15
