2168 3720
149 220 186 272 52
295 243 300 252 ·
354 174 573 273 riornuru
594 215 653 273 sn.
676 215 720 287 11,
744 219 792 273 22.

534 411 611 451 xxn.

149 511 212 571 Scis
224 512 294 571 here
307 511 348 570 mi
361 511 471 572 multas
482 512 595 588 pariter
606 512 751 589 placuisse
764 515 879 592 puellas
892 537 899 574 :

187 611 250 670 Scis
263 610 345 683 mihi,
361 611 560 688 Demophoon,
575 612 671 672 multa
683 613 784 674 venire
797 615 884 674 mala.

148 710 240 770 Nulla
252 709 325 769 meis
337 710 449 770 frustra
461 711 628 770 lustrantur
641 712 768 790 compita
780 713 899 792 plantis.

98 857 104 882 ,
186 809 211 868 Ο
223 809 312 868 nimis
326 808 416 868 exitio
430 814 501 868 nata
512 810 629 870 theatra
641 831 705 870 meo
717 810 724 870 !

148 908 217 968 Sive
231 908 338 986 aliquis
351 908 433 968 molli
446 908 561 968 diducit
575 910 697 969 candida
710 913 796 986 gestu
983 917 1000 968 5

186 1007 321 1081 Brachia,
338 1028 389 1067 seu
402 1007 499 1068 varios
510 1007 617 1067 incinit
630 1029 679 1068 ore
692 1010 811 1069 modos:

146 1108 266 1168 Interea
278 1107 373 1166 nostri
386 1110 533 1185 quaerunt
547 1107 602 1167 sibi
615 1108 725 1168 uulnus
738 1108 833 1182 ocelli,

187 1206 317 1266 Candida
328 1226 388 1265 non
400 1209 480 1265 tecto
492 1210 610 1283 pectore
624 1206 648 1265 si
662 1227 721 1284 qua
734 1209 824 1281 sedet,

148 1305 217 1364 Sive
229 1305 298 1380 vagi
311 1304 406 1364 crines
418 1304 501 1381 puris
513 1305 546 1364 in
558 1304 705 1364 frontibus
718 1311 825 1379 errant,

186 1403 291 1462 Indica
304 1423 377 1480 quos
390 1403 485 1464 medio
498 1403 608 1464 veitice
622 1424 736 1480 gemma
748 1408 840 1464 tenet.
964 1412 1000 1465 10

147 1502 229 1568 Quae
242 1502 268 1562 si
279 1503 357 1563 forte
370 1502 482 1582 aliquid
494 1504 583 1563 vultu
596 1503 670 1562 mihi
682 1505 757 1563 dura
768 1508 900 1580 negarat,

185 1601 307 1677 Frigida
319 1603 355 1661 de
368 1605 431 1662 tota
444 1602 541 1662 fronte
555 1603 676 1662 cadebat
689 1622 775 1681 aqua.

147 1700 278 1774 Quaeris,
294 1700 493 1778 Demophoon,
509 1721 562 1760 cur
575 1700 630 1760 sim
643 1704 704 1761 tam
717 1700 815 1761 mollis
827 1700 860 1760 in
873 1721 982 1762 omnes.

187 1799 272 1864 Quod
285 1799 401 1878 quaeris
423 1799 545 1878 ‘quare’
559 1800 722 1859 nonhabet
736 1800 816 1859 ullus
830 1819 919 1860 amor.

147 1896 207 1956 Gur
220 1881 327 1975 aliquis
341 1897 430 1957 sacris
443 1897 537 1958 laniat
551 1917 604 1957 sua
616 1897 737 1957 brachia
750 1898 854 1959 cultris
964 1905 999 1958 15

185 1998 226 2056 Et
239 1996 366 2076 Phrygis
378 1996 495 2056 insanos
509 1997 640 2055 caeditur
653 1996 690 2056 ad
703 1997 864 2057 numeros?

146 2095 313 2174 Unicuique
326 2095 408 2156 dedit
420 2095 528 2155 vitium
540 2098 647 2177 natpra
660 2099 757 2156 creato
769 2118 776 2156 :

185 2195 231 2255 Mi
243 2196 363 2256 fortuna
377 2195 490 2274 aliquid
503 2215 616 2273 semper
629 2215 726 2256 amare
739 2196 829 2256 dedit.

146 2297 196 2356 Me
209 2296 281 2356 licet
293 2299 324 2357 et
337 2297 500 2374 Thamyrae
513 2294 640 2354 cantoris
651 2293 715 2354 fata
728 2297 898 2373 sequantur,

183 2396 355 2473 Numquam
368 2396 406 2454 ad
417 2393 567 2467 formosas,
581 2391 691 2467 invide,
707 2413 809 2453 caecus
822 2413 880 2454 ero.
961 2400 998 2454 20

108 2495 112 2504 ’
147 2495 204 2555 Sed
217 2495 273 2555 tibi
287 2495 312 2555 si
325 2495 418 2556 exiles
430 2494 532 2554 videor
543 2496 683 2553 tenuatus
695 2493 729 2552 in
742 2498 834 2568 artus,

185 2594 329 2654 Falleris:
351 2595 426 2654 haut
438 2613 580 2672 umquam
593 2597 638 2654 est
651 2593 732 2653 culta
744 2594 843 2654 labore
856 2595 967 2655 Venus.

145 2695 320 2753 Percontere
332 2692 423 2753 licet:
446 2713 531 2771 saepe
545 2696 590 2753 est
603 2696 724 2771 experta
736 2694 837 2771 puella

185 2793 319 2853 Officium
332 2794 396 2852 tota
408 2795 495 2852 nocte
507 2792 605 2852 valere
618 2812 726 2852 meum.

146 2893 282 2971 Iuppiter
294 2893 452 2952 Alcmenae
466 2891 596 2967 geminas
610 2891 796 2971 requieverat
808 2893 923 2967 Arctos,
960 2897 997 2950 25

183 2993 225 3052 Et
238 2992 351 3051 caelum
363 2995 454 3052 noctu
466 2991 512 3051 bis
526 2991 588 3051 sine
600 3012 670 3068 rege
682 2992 743 3052 luit
755 3013 762 3050 :

145 3091 174 3152 N
174 3110 207 3152 ec
219 3088 319 3151 tamen
331 3089 438 3150 idcirco
451 3090 595 3165 languens
608 3091 646 3149 ad
657 3090 784 3150 fulmina
796 3089 887 3151 venit.

182 3190 293 3249 Nullus
306 3208 386 3248 amor
398 3187 476 3248 vires
491 3186 581 3265 eripit
592 3187 656 3265 ipse
670 3209 746 3249 suas.

144 3287 245 3355 Quid?
266 3307 333 3349 oum
346 3307 363 3347 e
377 3287 531 3365 complexu
544 3286 691 3348 Briseidos
701 3287 762 3356 iret
773 3286 915 3361 Achilles,

178 3387 261 3450 Num
273 3386 378 3466 fugere
391 3385 488 3446 minus
501 3385 640 3446 Thessala
652 3387 713 3447 tela
726 3386 858 3464 Phryges
869 3387 883 3445 ?
958 3392 995 3444 30
