2168 3720
139 226 176 279 56
307 220 524 280 PROPERTII
544 221 603 278 EL.
626 222 670 293 ΙΙ,
693 227 741 280 24.
764 227 811 282 25.

177 378 217 437 Et
229 379 313 436 modo
326 382 440 438 servato
454 378 514 436 sola
526 378 629 438 relicta
642 379 716 439 viro.
951 391 988 442 30

138 476 220 535 Dura
233 481 285 550 est,
302 497 377 554 quae
390 476 492 536 multis
507 477 676 536 simulatum
689 479 777 553 fingit
791 499 926 556 amorem,

176 576 216 635 nt
231 595 261 634 se
273 576 341 652 plus
353 575 407 634 uni
421 575 446 634 si
460 595 518 653 qua
531 595 632 652 parare
645 580 751 653 potest.

136 673 208 733 Noli
219 673 375 746 nobilibus,
390 674 452 732 noli
466 673 597 732 conferre
610 675 720 734 beatis:

77 802 113 844 (ω)
175 775 237 833 Vix
249 775 340 848 venit,
357 779 487 834 extremo
498 775 550 852 qui
562 775 643 849 legat
657 796 720 835 ossa
733 777 789 836 (lie.

136 873 179 932 Hi
191 874 248 933 tibi
260 893 313 932 nos
326 873 450 933 erimus:
475 875 525 933 sed
537 877 572 934 tu
584 875 683 951 potius
695 896 796 951 precor
808 880 844 937 ub
857 898 903 937 ms
952 885 988 937 35

175 973 315 1033 Demissis
327 974 448 1050 plangas
460 977 577 1050 pectora
589 976 668 1034 nuda
681 976 778 1037 comis.

527 1171 595 1211 XXV.

137 1270 231 1330 Unica
239 1273 310 1329 nata
322 1289 385 1328 meo
398 1270 595 1346 pulcherrima
608 1290 677 1330 cura
689 1272 790 1349 dolori,

142 1420 144 1423 .
177 1368 304 1427 Excludi
318 1368 455 1445 quoniam
468 1389 528 1428 sors
541 1389 606 1428 mea
619 1390 702 1446 saepe
716 1372 817 1447 venib3

137 1468 202 1526 Ista
214 1467 285 1525 meis
298 1467 351 1525 fiet
363 1466 515 1526 notissima
527 1467 621 1526 forma
633 1469 751 1542 libellis,

177 1567 265 1626 Calvo
278 1568 332 1625 tua
344 1565 438 1638 venia,
453 1585 525 1642 pace
539 1566 655 1626 Catulle
668 1571 730 1626 tua.

137 1666 225 1724 Miles
238 1665 377 1742 depositis
391 1685 516 1724 annosus
530 1668 649 1725 secubat
661 1667 756 1743 armis,
971 1678 987 1729 5

177 1763 398 1841 Grandaeviqus
411 1765 639 1838 neganbducerc
653 1770 748 1825 araba
760 1768 859 1840 boves,

137 1863 237 1922 Putris
250 1867 281 1923 et
293 1863 326 1922 in
338 1882 432 1923 vacua
444 1863 601 1940 requiescit
613 1865 697 1923 navis
710 1865 827 1939 harena,

176 1963 216 2022 nt
229 1966 314 2021 vetus
327 1961 359 2020 in
371 1962 481 2038 templo
494 1962 600 2021 bellica
612 1983 713 2040 parma
725 1968 828 2023 vacat:

137 2065 179 2121 At
191 2081 237 2120 me
252 2063 287 2119 ab
301 2081 396 2120 amore
409 2064 461 2119 tuo
475 2062 593 2120 diducet
606 2063 690 2120 nulla
703 2067 844 2138 senectus,

84 2223 91 2237 l
177 2161 246 2221 Sive
259 2181 312 2236 ego
326 2161 469 2221 Tithonus
483 2161 544 2219 sive
558 2181 611 2235 ego
624 2161 731 2221 Nestor
744 2182 802 2221 ero.
953 2168 988 2222 10

126 2262 242 2321 'Nonne
254 2262 314 2321 luit
327 2263 419 2322 satius
431 2262 503 2320 duro
514 2261 621 2320 servire
634 2265 760 2339 tyranno

177 2361 217 2420 nt
230 2381 344 2436 gemere
353 2361 386 2419 in
401 2364 494 2434 tauro,
511 2380 595 2419 saeve
608 2361 724 2433 Perille,
740 2361 818 2420 tuo?

138 2461 280 2536 Gorgonis
293 2465 323 2520 et
337 2461 427 2520 satius
440 2460 500 2520 fuit
513 2461 700 2520 obdurescere
713 2461 810 2534 vultu,

177 2559 329 2618 Caucasias
342 2559 431 2618 etiam
445 2559 470 2618 si
482 2563 648 2636 pateremur
661 2579 737 2618 aves.

139 2658 196 2718 Sed
208 2662 308 2719 tamen
321 2659 467 2719 obsistam.
484 2659 592 2719 teritur
604 2658 740 2733 rubigine
753 2678 853 2718 mucro
953 2667 987 2718 15

177 2759 303 2817 Ferreus
317 2761 347 2817 eb
359 2777 450 2834 parvo
465 2778 548 2835 saepe
561 2758 675 2835 liquore
689 2758 784 2816 silex:

137 2851 180 2909 Ab
193 2850 291 2908 nullos
304 2849 437 2908 dominae
450 2849 558 2910 teritur
571 2851 625 2908 sub
638 2849 739 2907 limine
753 2869 841 2923 amor,
858 2850 910 2927 qui

177 2949 281 3007 Restat
294 2952 324 3008 et
336 2948 474 3007 inmerita
487 2947 612 3007 sustinet
626 2967 695 3006 aure
706 2947 809 3006 minas.

137 3049 223 3108 Ultro
237 3051 420 3125 contemptus
433 3050 525 3122 rogat,
542 3051 572 3107 et
584 3067 717 3123 peccasse
730 3047 842 3108 fatetur

177 3147 293 3221 Laesus,
310 3151 341 3206 et
352 3146 455 3207 invitis
467 3147 530 3223 ipse
543 3146 620 3205 redit
633 3147 766 3223 pedibus.
949 3152 988 3204 20

137 3245 182 3305 Tu
196 3265 320 3323 quoque,
336 3245 389 3322 qui
400 3246 487 3323 pleno
499 3245 594 3304 fastus
606 3245 728 3304 assumis
741 3265 845 3317 amore,

176 3343 307 3420 Credula
323 3345 407 3404 nulla
419 3344 472 3403 diu
483 3343 594 3404 femina
606 3343 719 3421 pondus
731 3344 830 3402 habeb.
