2168 3720
260 219 478 279 PROPERTII
498 217 559 277 EL.
580 219 644 293 III,
668 224 715 278 19.
730 224 778 279 20.
893 226 945 281 101

91 375 209 449 Atros,
224 377 376 455 innuptae,
391 375 507 435 felicius
520 376 598 436 urite
611 378 731 438 taedas:
799 394 800 398 ’
909 384 948 438 25

101 491 104 497 '
132 474 245 537 Pendet
258 477 380 536 Cretaea
391 478 486 535 traota
498 476 599 552 puella
611 479 684 536 rate.

91 572 122 631 N
122 592 160 631 on
173 578 273 633 tamen
285 573 421 634 inmerito
435 573 532 633 Minos
544 575 626 634 sedet
639 575 749 635 arbiter
762 575 847 636 Oroi:

132 671 235 732 Viator
248 676 312 733 erat
325 671 467 749 quamvis,
483 692 595 751 aequus
607 672 640 731 in
653 674 819 735 1100111111.

492 870 543 909 XX.

93 967 194 1027 Credis
207 989 274 1028 eum
288 969 347 1028 iam
359 989 443 1046 posse
452 972 526 1029 tuae
539 970 705 1031 meminisse
717 972 838 1048 figurae,

131 1066 241 1127 Vidisti
255 1087 272 1125 a
284 1069 360 1128 leoto
374 1088 462 1145 quem
476 1069 545 1128 dare
557 1070 624 1128 vela
636 1070 713 1130 tuo?

91 1165 201 1238 Durus,
217 1166 270 1242 qui
283 1168 365 1226 luero
378 1167 478 1243 potuit
490 1170 604 1227 mutare
617 1169 766 1246 puellam!

132 1264 267 1339 Tantine,
284 1265 328 1324 bia
342 1266 478 1340 lacrimis,
494 1267 596 1326 Ainea
610 1271 673 1327 tota
685 1268 769 1328 luit?

91 1364 135 1423 At
147 1367 191 1437 tu,
208 1366 309 1438 stulta,
325 1365 402 1438 deos,
418 1369 454 1424 tu
467 1365 556 1440 fingis
569 1365 669 1424 inania
681 1369 778 1426 verba.
929 1373 946 1426 5

130 1463 267 1524 Forsitan
280 1465 332 1525 ille
347 1465 404 1524 alio
418 1467 523 1541 peetus
537 1484 633 1524 amore
645 1467 733 1525 terat.

90 1563 149 1621 Est
161 1563 218 1622 tibi
231 1562 324 1622 torma
337 1567 449 1641 potens,
466 1566 536 1622 sunt
549 1567 644 1623 castae
657 1564 785 1625 Palladis
799 1567 886 1641 artes,

132 1661 348 1741 splendidaque
362 1683 380 1722 a
392 1663 476 1721 doeto
489 1663 568 1721 lama
581 1662 710 1738 refulget
723 1683 787 1723 avo.

91 1761 255 1822 Fortunata
267 1764 378 1836 domus,
394 1763 477 1822 modo
491 1762 531 1823 sit
543 1763 599 1822 tibi
614 1764 691 1823 fidus
704 1764 823 1825 amicus.

130 1862 223 1921 Fidus
237 1882 285 1922 ero
298 1884 305 1922 :
327 1863 360 1921 in
372 1866 486 1922 nostros
500 1882 592 1935 ourre,
608 1864 716 1940 puella,
732 1865 821 1923 ainus.
909 1869 946 1924 10

90 1959 121 2020 N
122 1979 161 2018 ox
173 1961 248 2018 mihi
259 1961 354 2037 prima
366 1961 467 2021 venit:
489 1962 599 2038 primae
612 1962 650 2020 da
661 1964 794 2038 tempora
806 1962 904 2023 noeti:

130 2058 261 2134 Longius
274 2058 307 2117 in
320 2058 424 2135 primo,
439 2059 534 2132 Luna,
550 2078 661 2118 morare
674 2064 748 2118 toro.

43 2156 81 2200 (Π)
92 2158 137 2217 Tu
152 2179 277 2236 quoque,
293 2159 346 2237 qui
360 2159 485 2219 aestivos
499 2158 653 2236 spatiosius
666 2159 761 2234 exigis
773 2159 865 2235 ignes,

43 2261 81 2305 (¹²)
131 2258 256 2331 Phoebe,
272 2261 437 2318 moraturae
451 2258 589 2317 contrahe
601 2257 677 2316 lueis
690 2257 757 2317 iter.

91 2356 222 2416 Foedera
235 2358 306 2415 sunt
318 2357 453 2433 ponenda
465 2356 547 2433 prius
561 2356 759 2434 signandaque
771 2355 837 2417 iura
910 2363 944 2417 15

131 2456 172 2514 Et
186 2455 337 2514 scribenda
349 2455 423 2514 mihi
436 2457 487 2514 lex
500 2455 533 2513 in
546 2475 642 2514 amore
654 2475 739 2516 novo.

91 2553 175 2612 Haeo
188 2554 280 2612 Amor
291 2553 355 2630 ipse
369 2573 421 2613 suo
435 2552 611 2629 constringet
623 2553 744 2630 pignera
757 2555 856 2632 signo:

132 2652 228 2712 Testis
241 2651 368 2712 sidereae
381 2655 461 2712 torta
474 2672 579 2712 corona
591 2653 670 2712 deae.

93 2751 188 2816 Quam
200 2751 312 2811 multae
326 2754 394 2810 ante
407 2751 480 2810 meis
494 2752 598 2811 cedent
612 2753 791 2812 sermonibus
803 2754 900 2828 horae,

132 2850 240 2909 Duleia
252 2870 341 2927 quam
353 2849 437 2909 nobis
451 2850 577 2910 oonoitet
590 2871 669 2910 arma
681 2852 800 2914 Venus!
908 2856 946 2910 20

92 2948 237 3026 Namque,
252 2949 305 3008 ubi
317 2968 377 3007 non
391 2951 469 3008 eerto
482 2948 614 3009 vincitur
626 2950 741 3010 foedere
754 2952 857 3026 lectus,

132 3046 163 3107 N
163 3066 202 3105 on
214 3047 304 3107 habet
315 3048 427 3107 ultores
439 3067 500 3106 nox
513 3049 661 3124 vigilanda
673 3050 750 3122 deos,

94 3145 134 3204 Et
147 3145 256 3223 quibus
267 3146 416 3223 imposuit,
433 3147 521 3207 solvit
533 3167 600 3207 mox
612 3147 711 3208 vinela
723 3147 832 3208 libido:

134 3243 311 3305 contineant
323 3246 408 3306 nobis
420 3247 517 3306 omina
529 3247 624 3324 prima
635 3246 733 3306 fidem.

94 3343 181 3420 Ergo,
198 3344 251 3422 qui
262 3345 536 3423 paetasinioedera
548 3345 661 3424 ruperit
675 3365 748 3420 aras,
910 3351 948 3405 25
