2168 3720
285 190 503 250 PROPERTII
523 189 583 247 EL.
605 189 650 261 H,
675 194 721 248 19.

470 366 533 405 xm.

70 466 142 526 Etsi
155 487 201 526 me
214 467 308 526 invito
322 467 453 539 discedis,
470 466 606 544 Cynthia,
623 467 723 539 Roma,

115 566 222 624 Laetor
234 566 313 643 quod
326 565 388 624 sine
401 585 447 624 me
460 564 545 624 devia
557 585 626 623 rura
640 565 720 624 colis.

72 664 187 723 Nullus
200 664 257 723 erit
270 664 357 724 castis
369 663 484 723 iuvenis
497 667 649 740 corruptor
661 663 693 721 in
706 663 791 738 agris,

118 763 178 828 Qui
190 767 221 822 ce
233 762 384 824 blanditiis
396 782 456 821 non
470 762 547 821 sinat
560 782 622 837 pase
635 763 763 838 probam.

74 863 109 920 N
109 862 172 920 ulla
184 882 279 940 neque
293 866 361 922 ante
373 865 440 922 tuas
454 862 564 920 orietur
577 860 643 919 rixa
655 861 807 932 fenestras,

119 962 181 1020 Neo
193 961 250 1021 cibi
263 963 402 1021 clamatae
416 981 533 1021 somnus
546 981 661 1020 amarus
674 960 739 1019 erit.

77 1061 150 1119 Scia
162 1060 219 1120 eris
232 1065 263 1121 et
275 1063 350 1120 solos
363 1060 515 1138 spectabis,
532 1059 668 1138 Cynthia,
683 1063 796 1119 montes

120 1160 161 1219 ut
173 1179 262 1236 pocus
275 1165 304 1219 et
317 1161 390 1218 fines
402 1159 539 1236 pauperis
553 1157 704 1232 agricolae.

76 1259 151 1317 Illic
163 1262 193 1318 te
206 1259 283 1318 nulii
295 1264 435 1336 poterunt
450 1277 633 1334 corrumpere
645 1257 709 1315 ludi

120 1358 260 1435 Famaque
273 1359 399 1435 peccatis
411 1358 538 1435 plurima
554 1376 640 1416 causa
652 1356 721 1414 tuis.

77 1457 151 1515 Illic
164 1457 277 1516 assidue
290 1461 389 1517 tauros
402 1456 546 1534 spectabis
559 1459 675 1515 mantes

120 1557 162 1615 Et
174 1557 265 1616 vitem
277 1556 362 1616 docta
374 1576 481 1633 ponere
494 1556 570 1614 falce
585 1573 689 1626 comas,

78 1657 181 1732 Atque
193 1655 236 1716 ibi
249 1675 314 1714 rora
325 1655 402 1715 iores
415 1656 527 1715 inculto
540 1660 608 1713 tura
621 1653 735 1726 sacello,

120 1755 242 1814 Haedus
254 1754 306 1814 ubi
319 1755 442 1831 agrestis
455 1757 571 1814 corruet
584 1756 651 1812 ante
663 1752 750 1824 focos,

78 1853 219 1913 Protinus
233 1857 264 1914 et
275 1856 355 1913 nuda
369 1857 487 1914 choreas
499 1853 651 1912 imitabere
665 1872 741 1923 sura,

121 1953 226 2013 Omnia
239 1956 275 2014 ab
289 1959 411 2014 externo
425 1954 485 2014 sint
498 1955 582 2012 modo
595 1955 663 2012 tuta
675 1951 747 2010 viro.

79 2053 150 2128 Ipse
164 2073 217 2129 ego
230 2056 366 2114 venabor.
381 2054 439 2112 iam
452 2072 532 2111 nunc
545 2071 591 2110 me
605 2070 685 2109 sacra
697 2049 809 2108 Dianae

121 2151 275 2229 Suscipere
288 2157 319 2214 et
331 2153 440 2214 Veneri
452 2172 559 2230 ponere
571 2154 641 2211 vota
652 2149 745 2221 iuuat.

82 2251 227 2328 Incipiam
240 2256 357 2329 captare
369 2253 446 2312 feras
459 2256 490 2312 et
502 2252 622 2311 reddero
635 2248 708 2323 pinu

123 2349 239 2410 Cornua
251 2354 282 2410 et
295 2351 417 2410 audaces
429 2350 491 2426 ipse
504 2367 620 2408 monere
634 2364 737 2416 cancs;

83 2447 114 2506 N
114 2467 151 2507 cn
164 2452 264 2508 tamen
276 2452 312 2509 ut
324 2453 422 2510 vastos
435 2447 528 2508 ausim
539 2449 683 2522 temptare
697 2445 796 2504 leones

124 2548 188 2608 Aut
201 2550 279 2608 celer
291 2551 419 2624 agrestes
432 2547 563 2607 cominus
575 2546 618 2604 ire
632 2563 714 2603 suos:

85 2645 167 2703 Haec
180 2646 273 2721 igitur
285 2646 358 2705 mihi
371 2646 410 2705 sic
422 2646 535 2722 lepores
547 2642 667 2702 audacia
678 2643 781 2701 molles

128 2747 273 2823 Excipere
286 2749 317 2805 et
330 2744 431 2805 stricto
443 2745 533 2818 figere
547 2762 630 2801 avem
644 2743 761 2815 calamo,

87 2847 152 2912 Qua
164 2846 290 2904 formosa
303 2864 354 2902 suc
369 2843 535 2902 Clitumnus
547 2841 669 2899 flumina
681 2841 747 2899 luco

127 2943 248 3019 Intrrgst,
264 2945 295 3001 et
306 2942 408 3002 niveos
420 2940 514 3000 abluit
527 2941 607 2999 unda
618 2941 715 2999 bores.

87 3046 134 3104 Tu
146 3042 282 3121 quotiens
295 3041 408 3118 aliquid
420 3041 568 3112 conabere,
584 3037 655 3111 vita,
670 3037 815 3095 memento
888 3072 896 3087 .

126 3143 292 3202 Venturum
304 3139 406 3218 paucis
418 3159 463 3199 mc
476 3139 532 3199 cibi
545 3136 698 3197 Luciferis.

87 3241 136 3300 Sic
147 3259 195 3300 me
207 3259 263 3300 neo
276 3240 353 3299 solae
366 3241 505 3315 poterunt
518 3240 649 3295 avertere
663 3233 761 3305 silvae,

127 3337 190 3400 Nec
204 3357 280 3414 vaga
291 3336 431 3398 muscosis
442 3336 565 3395 flumina
577 3334 644 3393 fusa
655 3331 741 3407 iugis,

507 3454 525 3493 r
