2168 3720
117 190 154 243 11
330 184 549 244 1111111111
569 185 756 261 111111.

494 360 592 402 mn.

115 440 174 507 oui
187 441 276 514 videt,
292 441 318 500 is
331 444 453 518 peccat:
476 441 528 519 qui
541 445 572 501 te
584 460 644 500 111
656 441 766 503 viderit
780 463 849 518 ergo

152 542 220 600 Non
234 541 350 618 cupiet:
372 540 445 600 facti
457 541 572 600 lumina
585 541 696 601 crimen
709 543 828 602 habent.

113 640 190 698 Nam
204 640 276 717 quid
289 639 440 699 Praenesti
453 639 565 711 dubias,
583 659 599 697 1
614 639 751 717 Cynthia,
769 645 873 714 sortes,

154 738 232 804 Quid
243 737 320 815 petis
333 737 425 796 Aeaei
438 737 553 796 moenia
565 738 731 813 Telegoni?

113 838 173 898 Cur
185 841 280 898 vatem
291 836 474 896 Herculeum
487 835 644 912 deportant
657 837 757 896 esseda
769 837 889 898 Tibur?
949 845 965 896 5

153 936 251 1013 Appia
264 955 317 994 cur
328 935 438 994 totiens
455 934 539 994 devia
552 934 633 993 ducit
646 935 758 994 anum?

112 1037 178 1095 Hoc
190 1034 306 1094 utinam
319 1033 444 1111 spatiere
456 1033 529 1106 loco,
546 1033 750 1111 quodcumque
763 1035 890 1109 vacabis,

152 1132 296 1212 Cynthia!
318 1133 368 1191 sed
381 1132 437 1191 titi
448 1151 495 1190 me
509 1132 624 1191 credere
637 1134 727 1193 turba
740 1138 827 1207 votat,

113 1233 187 1291 (lum
199 1232 282 1291 videt
295 1231 423 1290 accensis
436 1231 571 1289 devotam
585 1250 701 1292 currere
713 1233 809 1293 taedis

152 1332 307 1390 Innemus
321 1333 351 1389 et
364 1329 480 1389 Triviae
493 1329 606 1389 lumina
620 1330 697 1390 ferre
711 1331 790 1391 deae.
930 1338 964 1390 10

113 1431 231 1496 Scilicet
243 1430 386 1490 umbrosis
400 1431 496 1490 sordet
509 1418 647 1507 Pompeia
661 1432 804 1491 columnis

151 1530 285 1590 Porticus
299 1530 409 1590 aulaeis
420 1529 527 1588 nobilis
541 1529 688 1602 Attalicis,

113 1629 154 1688 Et
166 1628 294 1706 platanis
308 1631 407 1688 creber
419 1628 530 1706 pariter
544 1628 731 1703 surgentibus
744 1628 822 1702 ordo,

152 1728 291 1788 Flumina
304 1728 397 1805 sopito
411 1748 546 1805 quaeque
558 1729 680 1787 Marone
694 1729 812 1805 carlunt,

113 1828 154 1887 Ia
165 1827 272 1886 leviter
284 1827 415 1905 lymphis
427 1830 491 1886 tota
505 1827 715 1904 crepitantibus
728 1829 801 1888 urbe
928 1833 963 1886 15

153 1926 226 1984 Cum
240 1926 338 1986 subito
352 1925 456 1984 Triton
470 1945 519 1984 ore
532 1926 664 1985 recondit
678 1946 792 2002 aquam.

112 2025 246 2099 Falleris,
261 2025 319 2085 ista
330 2024 378 2085 tui
390 2025 505 2084 1111111
518 2025 567 2083 via
579 2028 723 2085 monstrat
736 2025 859 2084 amoris:

151 2126 219 2184 Non
232 2128 343 2197 urbem,
358 2126 485 2197 demens,
500 2125 614 2184 lumina
625 2129 726 2184 nostra
739 2124 821 2201 fugis
832 2147 839 2184 ε

112 2223 166 2282 Nil
179 2223 251 2298 agis,
266 2223 386 2284 insidias
399 2225 431 2282 in
443 2243 490 2282 me
504 2224 652 2301 componis
665 2225 776 2295 inanes,

152 2323 260 2383 Tendis
272 2324 351 2382 iners
364 2324 449 2383 docto
462 2323 538 2382 retia
550 2328 621 2382 nota
633 2323 715 2382 mihi.
926 2328 964 2381 20

114 2421 172 2481 Sed
185 2421 220 2479 de
233 2441 280 2480 111
293 2422 390 2480 minus
404 2426 465 2481 est:
486 2422 581 2480 111111
593 2423 723 2481 iacturae
735 2421 859 2498 pudicae

152 2519 247 2578 Tanta
259 2519 316 2579 tibi
328 2520 458 2592 miserae,
475 2524 586 2598 quanta
598 2525 735 2593 meretur,
751 2521 817 2580 erit.

113 2618 216 2693 Nuper
229 2616 307 2675 enim
320 2619 356 2677 de
368 2621 400 2676 11
413 2622 525 2677 nostras
538 2639 585 2678 me
597 2620 689 2679 laedit
701 2620 737 2678 ad
751 2639 836 2678 aures

116 2703 137 2735 “
153 2716 272 2788 Rumor,
288 2720 319 2775 et
331 2716 364 2774 in
376 2720 439 2775 tota
451 2736 510 2774 non
523 2719 616 2776 bonus
629 2719 701 2776 urbe
714 2717 783 2777 11111.

115 2815 172 2875 Sed
184 2818 220 2873 tu
232 2832 292 2873 non
306 2814 392 2873 debes
405 2813 539 2874 inimicae
553 2817 668 2874 credere
681 2816 818 2891 linguae:
924 2820 961 2873 25

153 2912 274 2988 Semper
285 2911 419 2997 formosis
433 2911 534 2971 fabula
547 2933 642 2989 poena
653 2914 722 2973 1111.

113 3013 181 3071 Non
193 3015 247 3070 tua
259 3011 398 3088 deprenso
412 3012 547 3071 damnato
562 3017 606 3072 111
619 3013 696 3071 lama
710 3032 841 3073 veneno:

152 3111 248 3170 Testis
261 3131 325 3170 eras
336 3130 432 3188 puras,
448 3111 572 3182 Phoebe,
587 3112 686 3171 videre
699 3132 819 3172 manus:

113 3209 166 3269 Sin
179 3213 278 3268 autem
289 3211 377 3283 longo
389 3228 450 3267 nox
463 3229 523 3267 una
536 3213 588 3268 aut
601 3211 693 3269 altera
706 3212 774 3269 lusu

152 3309 330 3384 Consumpta
343 3313 395 3380 est,
411 3328 470 3366 non
484 3328 529 3366 me
543 3309 764 3386 criminaparva
778 3312 905 3369 movent.
922 3315 960 3366 30

109 3408 254 3489 Tyndaris
268 3412 392 3470 externo
404 3409 531 3490 patriam
541 3410 670 3469 mutauit
682 3429 788 3480 amore,
