2168 3720
276 214 495 274 PROPERTII
515 213 575 271 ΕΒ.
600 212 643 285 ΙΙ,
663 217 708 270 14.
728 217 774 270 15.
916 216 955 268 43

25 390 31 401 ·
97 376 208 450 Magna
222 393 275 448 ego
289 374 364 432 dona
376 376 430 432 tua
442 373 539 447 figam,
556 370 708 448 Cytherea,
725 369 867 439 columna,
918 374 955 428 25

140 474 270 550 Taleque
284 473 337 531 sub
351 475 449 530 nostro
462 471 579 529 nomine
593 490 708 528 carmen
722 468 795 528 erit:

101 579 121 606 “
132 573 196 630 Has
208 590 287 648 pono
300 575 369 629 ante
382 573 449 629 tuas
462 569 527 641 tibi,
544 570 621 638 diva,
637 567 806 642 Propertius
820 568 904 625 aedos

140 669 283 742 Exuvias,
298 672 362 727 tota
374 672 460 726 nocte
473 671 608 742 receptus
622 665 753 724 amans.''

97 770 130 828 N
130 789 188 828 unc
201 770 239 828 ad
251 773 291 841 te,
307 788 372 827 mea
384 769 448 840 lux,
464 768 564 826 veniet
577 786 642 824 mea
655 766 741 824 litore
754 765 838 823 navis

140 868 270 927 Servata.
312 865 476 926 hnmediis
490 866 565 924 sidat
577 866 704 923 honusta
716 864 820 922 vedis?
917 867 955 919 30

98 966 186 1032 Quod
199 966 224 1025 si
236 966 312 1025 forts
326 966 425 1043 aliqua
437 965 522 1025 nobis
535 965 685 1022 mutabere
699 964 795 1037 culpa,

137 1065 325 1124 Vestibulum
337 1065 446 1123 iaceam
458 1067 591 1122 mortuus
605 1067 673 1120 ante
687 1065 782 1121 tuum.

502 1263 551 1302 XV.

100 1362 126 1420 Ο
140 1382 187 1421 me
199 1361 334 1421 felicem!
356 1382 373 1420 o
387 1382 447 1421 nox
461 1362 533 1420 mihi
547 1358 684 1420 candida!
707 1363 737 1418 et
752 1379 768 1416 o
781 1363 816 1417 tu

140 1459 263 1518 Lectule
276 1460 388 1519 deliciis
400 1459 478 1518 facte
491 1460 575 1518 beate
588 1458 677 1517 meis!

100 1558 196 1624 Quam
208 1559 303 1619 multa
316 1560 448 1636 adposita
460 1579 611 1618 narramus
624 1560 714 1617 verba
725 1559 854 1629 lucerna,

142 1657 318 1735 Quantaque
333 1659 447 1717 sublato
460 1657 573 1716 lumine
586 1658 653 1715 rixa
665 1656 725 1714 luit
736 1656 743 1714 1

100 1758 131 1816 N
132 1778 179 1816 am
191 1759 275 1816 modo
288 1758 407 1817 nudatis
420 1778 534 1817 mecum
548 1761 593 1816 est
605 1758 719 1815 luctata
731 1755 857 1831 papillis,
937 1762 955 1812 5

139 1857 295 1917 Interdum
308 1858 410 1916 tunica
421 1858 510 1917 duxit
524 1860 624 1932 operta
636 1874 754 1913 moram.

99 1955 160 2014 Illa
172 1976 251 2015 meos
265 1976 363 2014 somno
376 1956 473 2032 lapsos
486 1955 626 2031 patefecit
640 1955 745 2012 ocellos

139 2055 196 2114 Ore
210 2075 271 2127 suo,
288 2059 319 2114 et
331 2055 428 2113 dixit:
454 2060 473 2088 “
485 2053 606 2125 Siccine,
622 2054 711 2123 lente,
726 2053 803 2110 iaces
812 2051 826 2109 ?
835 2052 852 2079 '’

100 2153 195 2219 Quam
208 2153 289 2212 vario
304 2154 442 2228 amplexu
455 2157 602 2211 mutamus
614 2151 751 2211 brachia!
775 2154 921 2227 quantum

140 2253 248 2312 Oscula
261 2256 332 2311 sunt
343 2252 434 2310 labris
447 2256 548 2310 nostra
560 2255 672 2309 morata
685 2249 762 2309 tuis!
920 2255 956 2308 10

99 2353 167 2412 Non
179 2353 265 2412 iuvat
276 2352 309 2411 in
323 2371 405 2410 caeco
419 2351 562 2410 Venerem
576 2353 759 2424 corruinperc
772 2351 872 2407 motu:

139 2451 171 2510 si
184 2451 288 2520 nescis,
304 2451 382 2509 oculi
396 2450 510 2510 suntin
523 2469 619 2508 amore
633 2448 731 2506 duces.

100 2549 169 2625 Ipse
182 2549 266 2608 Paris
278 2550 358 2607 nuda
370 2548 466 2607 fertur
478 2548 599 2625 periisse
613 2548 754 2621 Lacaena,

139 2647 213 2707 (lum
225 2649 377 2707 Menelaeo
391 2651 523 2721 surgeret
537 2667 553 2704 c
565 2648 695 2706 thalamo
708 2668 715 2704 ι

99 2747 205 2806 Nudus
218 2751 250 2807 et
262 2747 428 2825 Endymion
441 2746 552 2805 Pho'ebi
566 2746 675 2821 cepisse
689 2765 815 2805 sororem
918 2749 956 2800 15

138 2847 256 2907 Dicitur
268 2851 299 2906 et
311 2848 407 2905 nudae
421 2847 610 2905 concubuisse
623 2846 701 2903 deae.

100 2947 185 3012 Quod
198 2948 222 3006 si
235 2948 390 3024 pertendes
403 2947 499 3006 animo
512 2946 621 3005 vestita
634 2945 748 3015 cubare,

139 3045 234 3104 Scissa
246 3049 328 3105 veste
341 3065 419 3103 meas
433 3043 580 3119 experiere
593 3062 714 3100 manus:

99 3143 289 3216 Quinetiam,
306 3144 330 3202 si
344 3162 390 3201 me
403 3143 528 3202 ulterius
542 3140 711 3218 provexerit
724 3139 776 3211 ira,

138 3243 280 3302 Ostendes
293 3241 381 3301 matri
394 3240 512 3300 brachia
525 3242 604 3298 laesa
617 3244 696 3297 tuae.
917 3240 955 3292 20

98 3341 231 3402 Necdum
244 3343 401 3402 inclinatae
415 3339 572 3417 prohibent
584 3342 614 3398 te
628 3338 729 3396 ludere
743 3355 901 3396 mammae:
