2168 3720
303 223 522 283 PROPERTII
544 223 604 282 ΕΒ.
627 224 671 295 ΙΙ,
696 222 721 282 7.
740 228 767 282 8.
928 229 965 281 35

116 382 191 441 Hinc
204 381 313 441 etenim
326 385 443 441 tantum
456 381 564 441 meruit
576 401 641 441 mea
653 382 746 457 gloria
758 400 872 456 nomen,

153 481 252 541 Gloria
264 482 302 540 ad
314 481 450 541 hibernos
463 483 525 541 lata
538 481 775 560 Borysthenidas.

115 579 158 639 Tu
170 579 244 638 mihi
258 579 320 639 sola
332 581 448 656 places:
471 581 601 657 placeam
614 580 679 653 tibi,
696 580 833 657 Cynthia,
850 582 937 640 soluo.

151 679 210 739 Hic
224 680 282 739 erit
295 683 326 739 et
338 679 432 755 patrio
447 679 587 754 sanguine
600 678 694 756 pluris
707 699 796 739 amor.
929 683 966 737 20

505 875 572 916 vm.

113 974 247 1051 Eripitur
259 975 344 1035 nobie
356 975 415 1035 iam
428 976 542 1052 pridem
555 995 622 1034 cara
634 976 743 1051 puella,

153 1074 194 1133 Et
207 1078 242 1132 tu
255 1094 302 1133 me
315 1074 449 1134 lacrimas
462 1074 595 1147 fundere,
611 1074 711 1147 amice,
727 1073 828 1132 vetas!

113 1173 222 1232 Nullae
236 1177 306 1233 aunt
318 1174 491 1234 inimicitiae
503 1173 561 1233 nisi
574 1174 680 1234 amorio
693 1176 811 1233 acerbae
824 1194 830 1231 :

153 1273 258 1348 Ipsum
271 1292 317 1331 me
330 1273 443 1348 iugula,
458 1273 553 1331 lenior
562 1272 655 1331 hostia
669 1292 727 1332 ero.

96 1398 100 1405 ·
113 1369 236 1428 Possum
250 1390 304 1446 ego
317 1371 350 1429 in
362 1371 484 1431 alterius
497 1371 621 1448 positam
635 1375 764 1447 spectare
777 1370 910 1430 lacerto?
951 1377 968 1429 5

152 1468 182 1527 N
183 1489 215 1528 ec
228 1489 293 1528 mea
306 1470 429 1544 noenu,
447 1491 522 1547 quae
537 1473 622 1530 modo
635 1472 714 1530 diota
727 1491 791 1530 maa
805 1471 872 1530 est?

113 1566 219 1626 Omnia
230 1571 405 1629 vertuntur:
429 1573 506 1629 certe
519 1572 681 1646 vertuntur·
692 1589 802 1629 amores
812 1591 819 1627 ε

152 1668 295 1742 Vincerio,
312 1672 343 1755 at
355 1670 471 1729 vinces:
494 1671 565 1728 haec
578 1670 611 1728 in
625 1689 720 1729 amore
734 1673 798 1728 rota
812 1673 865 1728 est.

114 1767 216 1842 Magni
230 1787 315 1844 saepe
328 1769 425 1840 duces,
438 1769 538 1843 magni
551 1767 679 1828 cecidere
692 1768 822 1846 tyranni,

154 1868 194 1927 Et
207 1869 324 1928 Thebae
338 1872 493 1941 steterant,
510 1870 628 1947 altaque
642 1868 729 1928 Troia
740 1870 810 1928 fuit.
934 1875 968 1927 10

114 1967 240 2027 Munera
253 1972 364 2045 quanta
376 1969 452 2040 dedi,
468 1970 517 2028 vel
530 1969 630 2046 qualia
644 1969 771 2026 carmina
783 1968 859 2026 feci!

154 2066 214 2124 Illa
226 2069 325 2125 tamen
337 2086 499 2145 numquam
516 2067 611 2126 ferrea
624 2066 719 2125 dixit:
742 2068 827 2124 Amo.

115 2163 193 2239 Ergo
206 2163 264 2224 iam
277 2165 386 2224 multos
398 2165 522 2224 nimium
535 2165 707 2225 temerarius
721 2184 820 2236 annos,

155 2264 301 2339 Improba,
317 2264 370 2342 qni
382 2265 501 2324 tulerim
515 2269 604 2343 teque
618 2267 758 2340 tuamque
772 2264 898 2336 domum,

115 2362 312 2440 Ecquandone
325 2363 382 2422 tibi
394 2364 470 2423 liber
483 2384 548 2422 aum
561 2363 663 2423 usus?
672 2361 674 2364 ’
683 2383 721 2422 an
734 2382 828 2439 neque
934 2367 968 2420 15

154 2461 193 2518 In
206 2464 339 2520 noctuam
351 2461 439 2521 iacies
451 2464 541 2521 verba
554 2463 679 2539 superba
693 2461 804 2538 caput?

116 2558 164 2617 Sic
177 2559 270 2633 igibur
284 2560 378 2637 prima
390 2561 512 2620 moriere
526 2564 630 2634 aetate,
647 2559 804 2636 Properti?

157 2656 213 2716 sed
226 2678 345 2731 morere,
359 2659 485 2719 interitu
499 2660 626 2735 gaudeat
638 2659 692 2717 illa
704 2663 766 2731 tuo,

116 2756 257 2831 Exagitet
269 2761 383 2816 nostros
396 2777 504 2833 manea,
520 2762 649 2817 sectetur
662 2761 692 2816 et
705 2759 831 2827 umbras,
892 2809 894 2813 .

155 2855 343 2932 Insultetque
356 2856 443 2930 rogis,
460 2857 552 2914 calcet
565 2860 595 2915 et
609 2876 672 2914 osea
686 2876 758 2915 mea.
931 2859 968 2911 20

116 2952 218 3016 Quid?
236 2972 296 3011 non
309 2953 474 3028 Antigonae
487 2954 602 3013 tumulo
615 2954 753 3012 Boeotius
766 2953 899 3010 Haemon

155 3049 272 3111 Corruit
284 3052 347 3128 ipse
361 3073 412 3111 auo
427 3053 542 3112 saucius
555 3072 623 3112 cnae
636 3052 724 3123 latus,

115 3150 156 3208 Et
168 3169 221 3208 aua
234 3170 300 3209 cnm
313 3151 419 3210 misera
432 3151 602 3228 permiscuit
616 3171 679 3210 ossa
692 3151 801 3227 puello,

156 3248 222 3314 Qua
235 3250 296 3309 sine
310 3250 477 3309 Thebanam
489 3251 587 3311 noluit
599 3251 642 3310 ire
655 3252 794 3309 domum?

116 3346 174 3407 Sed
187 3367 246 3406 non
260 3348 400 3424 effugies:
422 3369 536 3411 mecum
548 3350 680 3412 moriaris
691 3353 827 3433 oportet·=
931 3355 974 3407 ‘ab

522 3459 579 3516 1³2
