2168 3720
1 206 4 214 '
113 205 145 264 vi
421 201 662 262 PRAEFATIO.

113 363 287 441 nequiquam,
312 380 435 433 eoucuus,
457 361 547 434 leucu,
567 361 717 433 rutundus,
737 360 843 432 luee‘uu,
859 378 966 430 murra,
993 365 995 367 ’

115 466 257 537 temptare,
270 460 381 534 elicere,
393 461 495 520 iue‘eere
506 463 537 519 ct
545 459 665 518 similia:
678 458 766 518 etiam
779 459 873 530 Grais,
884 459 968 517 Bais.

115 560 214 620 (lodex
226 560 400 636 plerumque
415 559 536 618 exhibet
555 558 673 636 querele,
693 558 829 631 humerus,
845 559 967 633 Iupiter,

114 661 215 720 littus:
235 680 352 737 perraro
366 659 496 737 querella,
519 679 629 718 umerus
647 659 706 736 (bis
723 662 805 718 terve
818 658 850 717 in
865 662 970 736 quarto

113 760 214 839 libro),
229 759 370 835 Iuppiter,
387 759 474 817 litus:
488 759 541 816 has
553 758 662 816 formas
674 757 785 835 ubique
799 757 886 817 edidi.
905 758 971 816 Hu-

112 879 181 920 ueuu
189 862 220 918 et
229 878 314 918 eueuu
324 859 474 933 leguntur,
486 856 562 915 illud
573 856 696 933 saepius.
739 856 847 916 contra
860 857 971 915 librum

114 957 216 1034 scripsi
235 977 322 1030 umor,
344 957 489 1034 quidquid,
509 956 620 1028 aoluee’u,
645 957 789 1015 e‘ueuuelua.
829 955 921 1015 Plura
934 957 971 1015 de

113 1055 321 1134 orthographia
349 1055 438 1114 huius
474 1054 545 1114 libri
571 1074 589 1113 a
621 1054 655 1112 L.
692 1055 835 1114 Muellero
876 1054 971 1114 discas

111 1155 205 1232 praef.
221 1175 250 1232 p.
269 1160 315 1213 15.
745 1194 748 1199 >

152 1255 272 1313 Praeter
291 1251 519 1330 Neapolitanum
541 1251 614 1310 duos
635 1254 752 1310 tantum
774 1250 886 1310 codices
906 1250 970 1327 ipse

112 1352 235 1412 contuli.
277 1352 499 1411 Gnomasuuu
526 1349 643 1428 inspexi
670 1350 740 1428 quia
765 1350 971 1409 Lachmannus

112 1456 231 1513 tantum
245 1451 272 1511 ei
285 1451 402 1523 tribuit,
415 1450 494 1528 quod
505 1454 578 1527 puto
592 1451 793 1523 nonfecisset,
803 1451 828 1509 si
842 1449 971 1509 codicem

111 1552 175 1630 ipse
198 1551 329 1613 vidisset.
370 1552 456 1610 Inter
482 1551 620 1627 pessimos
647 1551 725 1611 enim
747 1549 898 1609 habendus
925 1552 972 1608 est

113 1651 329 1726 Groninganus,
353 1669 450 1727 neque
472 1649 536 1709 eius
558 1649 764 1710 auctoritatem
786 1649 876 1708 huius
893 1648 970 1707 facio

113 1750 147 1810 in
158 1750 332 1817 recensendo
345 1748 506 1826 Propertio.
549 1748 669 1808 Contuli
681 1749 790 1807 librum
803 1747 970 1822 Groningae

115 1868 215 1908 mense
242 1846 415 1925 Septembri,
447 1846 541 1906 1878:
568 1847 652 1907 cuius
677 1847 749 1907 facti
775 1867 822 1906 me
847 1847 971 1907 fortasse

114 1947 279 2024 poeniteret
298 1945 356 2004 nisi
377 1944 631 2004 commorationem
650 1945 683 2004 in
703 1944 825 2023 antiquo
844 1945 970 2005 Batavo·

114 2065 182 2105 rum
200 2044 313 2122 oppido,
331 2043 531 2103 urbanitatem
552 2044 747 2104 bibliothecae
767 2044 918 2121 praelecti,
940 2049 972 2104 et

115 2143 217 2203 suavia
246 2142 393 2220 colloquia
418 2162 486 2201 cum
511 2141 638 2203 Aemilio
663 2143 839 2204 Baehrensio
865 2144 901 2204 de
924 2164 971 2204 re-

114 2243 170 2302 bus
197 2241 395 2320 Propertianis
421 2243 452 2301 et
479 2241 654 2302 Catullianis
674 2243 777 2303 habita
805 2243 971 2304 meminisse

114 2341 200 2401 dulce
214 2344 299 2401 esset.

155 2439 272 2500 Tertius
291 2438 440 2498 addendus
462 2443 508 2500 est
528 2440 642 2499 duobus
662 2441 709 2500 his
730 2441 876 2501 codicibus
894 2441 972 2501 liber

115 2537 290 2598 Ouiacianus
309 2535 458 2611 Scaligeri,
473 2537 549 2597 liber
568 2537 725 2613 singularis
743 2559 832 2617 quem
849 2539 901 2599 diu
921 2541 971 2600 ‹le-

114 2637 264 2714 perditum
282 2634 383 2695 (lirina
406 2636 532 2713 quadam
552 2636 673 2696 lortmm
693 2657 764 2697 usus
786 2639 849 2715 ipse
869 2639 972 2699 inveni

113 2737 193 2798 inter
209 2735 300 2795 libros
321 2734 406 2794 amici
429 2735 487 2795 mei
510 2735 654 2796 Samuelis
672 2737 763 2796 Alani
786 2758 861 2797 anno
882 2738 969 2797 1874.

114 2837 206 2896 Hunc
215 2835 342 2896 codicem
352 2835 494 2912 seriptum
501 2835 639 2896 Perusiae
648 2857 724 2896 anno
735 2836 809 2895 1467
819 2837 971 2896 aPacifico

112 2935 244 2995 Maximo
263 2935 413 3008 monacho,
436 2937 525 3011 poeta
545 2934 609 3011 ipso
631 2934 693 2993 illis
714 2935 893 3012 temporibus
911 2954 972 2994 non

113 3036 222 3096 humili
235 3055 300 3095 meo
313 3035 377 3095 iure
391 3034 538 3112 appellavi
550 3036 736 3094 Pnnusrruu.
778 3035 971 3095 collationem

112 3135 204 3194 huius
216 3133 295 3206 libri,
316 3132 369 3211 qui
388 3153 435 3193 me
456 3133 554 3194 iudice
571 3153 657 3194 suum
670 3135 767 3194 locum
787 3135 921 3194 tuebitur
937 3135 971 3193 in

114 3232 199 3292 domo
212 3230 412 3309 Propertiana,
426 3231 459 3291 in
471 3234 531 3294 fine
544 3234 634 3295 huius
646 3233 804 3296 voluminis
815 3234 909 3311 posui.

154 3330 336 3394 Divisionem
352 3333 513 3394 carminum
528 3335 673 3412 Propertii
686 3334 718 3394 in
732 3333 864 3412 quinque
880 3332 971 3392 libros
