2168 3720
290 188 510 255 PROPERTII
530 189 590 248 ΕΒ.
613 191 657 262 11,
681 195 727 249 20.
745 195 792 250 21.
927 198 960 251 51

151 347 274 406 Possum
288 366 341 422 ego
355 350 477 406 naturae
490 367 549 406 non
562 347 726 407 meminisse
739 350 833 408 tuae?

113 449 189 506 Tum
201 467 249 508 me
262 449 312 507 vel
323 449 452 524 tragicae
466 449 581 509 vexetis
594 449 727 526 Erinyes,
745 455 774 510 et
788 471 834 510 me

151 546 274 606 Inferno
286 548 413 619 damnes,
428 549 532 621 Aeaee,
547 548 664 622 iudicio,
927 558 964 609 30

113 646 214 723 Atque
227 645 307 705 inter
319 645 400 724 Tityi
413 647 546 706 volucres
559 668 624 707 mea
636 669 730 726 poena
742 653 875 724 vagetur,

152 745 288 822 Tumque
302 765 354 819 ego
369 745 505 822 Sisyphio
520 766 590 805 saxa
602 748 701 806 labore
715 767 822 823 geram.
948 739 950 743 ⁷

112 843 143 902 N
142 863 175 903 ec
188 847 224 902 tu
237 843 419 920 supplicibus
431 865 478 902 me
492 845 531 904 sis
543 850 682 905 venerata
694 847 831 906 tabellis:

151 942 267 1003 Ultima
279 942 348 1002 talis
361 943 418 1003 erit
431 963 507 1020 quae
520 964 584 1003 mea
596 945 691 1020 pn'ma
703 946 785 1004 fides.

112 1042 179 1100 Hoc
192 1041 267 1100 mihi
280 1046 421 1119 perpetuo
434 1042 481 1101 ius
494 1046 547 1115 est,
563 1044 642 1121 quod
655 1045 735 1103 solus
748 1048 858 1104 amator
928 1051 964 1118 36

151 1141 215 1200 Nec
230 1140 288 1199 cito
301 1141 418 1212 desisto,
433 1161 487 1199 nec
500 1144 609 1200 temere
623 1143 740 1219 incipio.

509 1339 571 1378 m.

113 1439 164 1497 Ah
178 1441 322 1516 quantum
335 1439 372 1498 de
385 1458 432 1497 me
445 1439 554 1497 Panthi
567 1438 623 1498 tibi
636 1439 744 1516 pagina
756 1442 854 1515 finxit,

154 1539 282 1597 Tantum
294 1537 341 1596 illi
354 1537 469 1597 Pantho
482 1557 520 1596 ne
533 1537 573 1597 sit
585 1538 678 1598 amica
690 1539 809 1599 Venus!

114 1637 173 1696 Sed
185 1636 242 1720 tihi
254 1636 312 1695 iam
326 1636 427 1696 videor
439 1637 561 1696 Dodona
574 1639 669 1698 ven'or
682 1641 800 1715 augur?

154 1737 284 1796 Uxorem
297 1735 349 1794 ille
363 1739 434 1795 tuus
447 1736 571 1811 pulcher
586 1742 698 1797 amator
710 1740 809 1798 hahet.

114 1837 172 1896 Tot
183 1840 284 1896 noctes
296 1837 417 1913 periere.
439 1836 516 1894 nihil
527 1837 645 1913 pudet?
664 1837 769 1914 aspice,
786 1842 885 1898 cantat
948 1844 964 1896 5

154 1935 262 1996 Liber:
284 1940 319 1995 tu
332 1935 457 1994 nimium
471 1936 589 1995 credula
602 1937 664 1994 sola
675 1936 762 1995 iaces.

114 2036 156 2095 Et
168 2055 248 2095 nunc
260 2034 339 2095 inter
352 2055 401 2094 eos
413 2038 448 2095 tu
461 2055 554 2094 sermo
569 2055 599 2094 es
612 2057 618 2092 :
640 2039 671 2093 te
684 2035 735 2094 ille
749 2037 891 2111 superbus
941 2103 943 2106 y

154 2133 236 2193 Dicit
249 2153 279 2192 se
292 2133 386 2193 invito
401 2153 485 2210 saepe
497 2133 589 2192 luisse
603 2133 690 2191 domi.

115 2233 294 2311 Dispeream‚
310 2233 335 2291 si
349 2232 506 2310 quicquam
520 2233 600 2291 aliud
614 2253 703 2309 quam
716 2233 809 2307 gloria
822 2234 858 2292 de
871 2237 901 2292 te

155 2332 334 2398 Quaeritur:
356 2333 410 2390 has
422 2332 524 2391 laudes
536 2331 589 2392 ille
602 2331 725 2391 maritus
737 2332 835 2392 habet.
933 2339 967 2391 10

116 2430 256 2490 Colchida
269 2430 310 2490 sio
322 2431 428 2507 hospes
441 2431 587 2508 quondam
601 2431 715 2507 decepit
728 2433 815 2491 Iason
828 2455 834 2490 :

155 2530 259 2590 Eiecta
271 2535 324 2603 est,
340 2530 438 2591 tenuit
450 2551 577 2609 namque
591 2530 699 2590 Creusa
712 2532 833 2590 domum.

119 2628 167 2688 Sic
181 2649 198 2687 a
210 2629 349 2688 Dulichio
362 2629 469 2690 iuvene
483 2633 528 2688 est
541 2629 623 2688 elusa
636 2628 759 2706 Calypso
772 2652 779 2688 ε

157 2728 241 2788 Vidit
253 2732 411 2788 amatorem
424 2730 551 2805 pandere
564 2729 631 2787 vela
644 2748 739 2787 suum.

84 2843 89 2856 ·
118 2828 167 2885 Ah
179 2827 304 2886 nimium
316 2827 419 2886 faciles
432 2847 532 2886 aurem
544 2828 682 2904 praebere
695 2828 821 2904 puellae,
933 2832 967 2883 15

155 2927 268 2987 Discite
281 2927 412 2986 desertae
424 2947 484 2986 non
497 2930 606 2987 temere
620 2946 681 2986 esse
694 2928 796 2986 bonae.

117 3027 198 3087 Huic
209 3046 335 3105 quoque,
347 3025 399 3105 qui
409 3029 511 3098 restat,
521 3025 703 3103 iampridem
714 3023 866 3102 quaeritur
876 3024 950 3081 alter
961 3045 967 3080 :

156 3127 290 3204 Experto
301 3125 333 3184 in
346 3125 450 3203 primo,
467 3125 569 3198 stulta,
586 3143 687 3183 cavere
700 3127 792 3200 potes.
923 3126 925 3130 ‘

118 3225 179 3284 Nos
193 3244 379 3303 quocumque
391 3225 464 3297 loco,
480 3243 533 3283 nos
547 3223 626 3281 omni
638 3226 770 3298 tempore
782 3225 880 3280 tecum

163 3324 231 3383 Sive
245 3342 332 3398 aegra
344 3322 455 3400 pariter
469 3323 530 3382 sive
543 3322 661 3398 valente
675 3340 783 3379 sumus.
802 3341 805 3352 =
941 3324 979 3376 20
1005 3346 1041 3509 ⁴

524 3441 544 3482 s
559 3427 577 3482 2
