2168 3720
144 201 179 254 14
330 195 547 254 PROPERTII
568 196 629 260 BL,
650 196 805 268 1,11.1a.

181 355 244 411 Aut
257 352 319 412 sine
332 357 363 412 te
376 353 454 412 vitae
469 345 539 412 cura
553 354 591 412 sit
604 353 667 412 ulla
679 354 785 412 meae?

142 452 187 511 Tu
200 452 273 510 mihi
287 453 348 511 sola
360 453 470 523 domus,
482 456 526 523 tu,
543 452 681 529 cynthia,
697 453 757 511 sola
769 455 916 528 parentes,

182 551 287 609 Omnia
298 556 333 610 tu
346 555 462 610 nostrae
474 555 606 627 tempora
618 550 757 610 laetitiae.

143 650 307 709 Seutriscis
319 651 435 709 veniam
448 670 500 709 seu
513 653 614 708 contra
626 651 721 709 laetus
735 650 844 721 amicis,
961 656 998 708 25

183 750 333 826 Quidquid
346 769 403 821 ero,
418 750 531 806 dicam:
556 754 575 782 ‘⁶
588 748 716 826 cynthia
728 768 815 807 causa
827 749 917 808 fuit?

145 849 190 907 'lu
202 849 286 908 modo
300 847 527 924 quamprimum
541 850 690 923 corruptas
703 847 802 907 desere
815 848 911 906 Baias.

184 948 289 1007 Multis
301 948 359 1006 ista
372 948 484 1005 dabunt
496 947 584 1006 litora
596 946 759 1018 discidium,

145 1047 254 1118 Litora,
271 1066 345 1123 qnae
357 1046 476 1103 fuerant
490 1043 576 1103 castis
589 1044 708 1102 inimica
721 1044 838 1120 puellis.

186 1147 235 1203 Ah
247 1148 369 1221 pereant
381 1143 478 1211 Baiae,
495 1143 604 1201 crimen
618 1144 731 1215 amoris,
747 1144 856 1220 aquae!
961 1150 998 1202 30

538 1339 594 1379 XII.

149 1442 228 1506 Quid
240 1441 312 1499 milri
326 1440 451 1499 ‹lesidiac
464 1459 524 1498 non
537 1459 629 1498 cassas
642 1440 752 1514 fingere
766 1440 884 1514 crimen,

189 1539 273 1604 Quod
284 1538 374 1597 faciat
386 1537 478 1611 nobis,
494 1537 607 1596 conscia
620 1537 721 1609 Roma,
737 1540 869 1598 moram?

150 1638 222 1696 Tam
234 1639 329 1696 multa
341 1627 397 1695 illai
407 1657 470 1696 meo
483 1637 577 1695 divisa
591 1641 636 1696 est
649 1618 735 1694 militi
743 1637 829 1709 lecto,

190 1737 339 1802 Quantum
352 1737 488 1814 Hypanis
501 1737 614 1794 Veneto
626 1735 748 1794 dissidet
760 1737 897 1812 Eridano,

150 1837 212 1895 Nec
225 1836 298 1894 mihi
312 1839 463 1894 consuetos
476 1836 612 1911 amplexu
624 1835 721 1894 nutrit
733 1854 844 1894 amores
984 1842 1001 1893 5

190 1935 325 2012 Cynthia,
341 1954 395 1992 nec
408 1931 508 1993 nostrii
516 1933 610 1992 dulcis
623 1934 656 1992 in
666 1953 735 1992 aure
750 1938 842 1993 sonat.

63 2086 66 2094 .
151 2035 229 2094 Olim
242 2037 342 2109 gratus
356 2052 450 2090 eram:
472 2051 532 2090 non
544 2031 597 2089 illo
609 2035 739 2107 tempore
753 2032 890 2109 cuiqnam

190 2131 328 2207 Contigit,
344 2134 380 2189 ut
393 2129 481 2188 simili
494 2132 591 2205 posset
605 2149 700 2187 amare
713 2130 781 2188 fide.

151 2234 284 2292 Invidiae
297 2231 423 2290 luimus:
446 2249 518 2288 num
530 2248 576 2287 me
590 2230 661 2287 dens
675 2228 795 2287 obruit?
815 2249 852 2287 an
867 2249 943 2306 quae

189 2332 279 2390 Lecta
292 2328 472 2389 Prometheis
486 2327 592 2386 dividit
605 2328 696 2385 herba
708 2327 810 2402 iugis?
965 2334 1002 2387 10

151 2431 219 2487 Non
232 2449 296 2487 sum
310 2447 362 2502 ego
378 2427 430 2504 qui
441 2427 555 2485 fueram
568 2447 574 2482 :
590 2428 686 2484 mutat
700 2425 747 2484 via
759 2426 847 2500 longa
859 2428 974 2502 puellas
986 2449 993 2484 ε

191 2526 326 2591 Quantus
338 2526 371 2584 in
385 2525 492 2599 exiguo
504 2527 637 2600 tempore
650 2523 730 2599 fugit
744 2525 842 2583 amor!

151 2626 238 2684 Nunc
250 2624 377 2701 primum
389 2625 491 2698 longas
504 2623 581 2681 solus
595 2642 764 2697 cognoscere
777 2626 877 2682 noctes

190 2725 283 2799 Cogor
296 2722 401 2799 etipse
414 2723 486 2781 meis
498 2722 617 2781 auribus
630 2741 691 2781 esse
704 2721 810 2796 gravis.

151 2824 246 2895 Felix,
262 2822 314 2899 qui
326 2821 663 2898 potuitpraesentifiere
676 2820 811 2896 puellae:
967 2826 1002 2878 15

191 2922 259 2981 Non
272 2921 348 2979 nihil
362 2920 483 2996 aspersis
496 2921 605 2994 gaudet
617 2920 707 2993 Amor
719 2918 846 2977 lacrimis
857 2941 864 2991 ;

154 3025 217 3080 Aut
231 3022 256 3080 si
268 3022 421 3096 despectus
434 3018 532 3095 potuit
545 3022 657 3076 mutare
672 3019 779 3077 calores
792 3040 798 3075 :

194 3120 271 3178 Sunt
284 3138 399 3195 quoque
412 3118 553 3177 translato
568 3118 673 3192 gaudia
686 3117 812 3175 servitio.

155 3217 198 3274 lli
211 3237 307 3293 neque
321 3237 416 3276 amare
426 3217 514 3275 aliam
522 3236 618 3293 neque
627 3219 662 3276 ab
672 3218 727 3275 hac
736 3216 872 3275 desisieie
882 3215 927 3274 las
938 3220 1002 3274 est:

196 3315 323 3392 Cynthia
335 3316 429 3391 prima
442 3315 509 3388 fuit,
526 3316 654 3392 Cynthia
666 3315 733 3374 finis
747 3314 813 3374 erit.
967 3319 1006 3372 20
