2168 3720
157 199 195 251 98
354 188 576 249 PROPERTII
596 188 657 246 ΕΙ.
679 187 744 259 ΙΙΙ,
770 189 817 246 17.

199 350 329 426 Spesque
341 347 488 424 timorque
502 345 627 404 animum
640 347 739 405 versat
751 349 879 423 utroque
894 351 964 406 toro.

158 447 243 514 Quod
256 447 290 519 si,
305 446 428 519 Bacche,
443 445 505 505 tuis
517 465 571 522 per
583 445 698 504 fervida
709 449 841 522 tempora
853 445 939 505 donis

196 547 363 606 Accersitus
376 546 433 605 erit
446 565 565 604 somnus
580 545 613 604 in
626 565 777 617 coscinos,

158 653 227 727 Ipse
241 670 334 710 seram
346 650 423 709 vites
435 668 621 726 pangamque
633 668 672 707 ex
687 649 787 708 ordine
800 649 899 723 eolles,
976 656 1010 708 15

198 749 277 816 Quos
290 753 412 826 carpant
424 749 525 807 nullae
538 768 585 806 me
598 747 741 822 vigilante
753 747 843 808 ferae.

158 850 237 907 Dum
250 849 334 907 modo
347 867 494 924 purpureo
506 851 644 922 spument
656 846 730 905 mihi
743 847 822 906 dolia
833 850 942 919 musto,

69 932 76 943 ’
198 949 238 1006 ut
250 966 327 1005 nova
339 946 501 1022 pressantis
513 945 652 1023 inquinet
664 966 723 1006 uva
735 947 833 1023 pedes,

160 1047 245 1114 Quod
258 1049 390 1124 superest
402 1046 482 1106 vitae
495 1049 592 1122 perte
606 1049 637 1104 et
649 1049 703 1105 tua
716 1064 824 1104 cornua
836 1045 946 1116 uvam,

198 1145 385 1221 Virtutisque
398 1148 477 1216 tuae,
493 1144 617 1215 Bacche,
633 1147 721 1219 poeta
733 1142 820 1202 ferar.
973 1150 1010 1203 ‘20

159 1247 262 1304 Dicam
275 1263 328 1319 ego
342 1247 489 1303 maternos
502 1244 634 1302 Aetnaeo
646 1242 771 1301 fulmine
783 1245 897 1319 partus,

199 1343 303 1402 Indica
315 1342 440 1419 Nysaeis
453 1361 533 1400 arma
546 1341 651 1416 fugata
664 1341 768 1413 choris,

160 1443 366 1518 Vesanumquc
379 1459 456 1498 nova
469 1439 649 1516 nequiquam
662 1439 695 1497 in
706 1439 769 1498 vite
782 1431 965 1517 Lycurgum:

200 1541 345 1599 Pentheos
357 1540 390 1596 in
403 1538 534 1615 triplices
548 1538 654 1597 funera
667 1541 751 1613 grata
764 1557 875 1614 greges,

161 1638 316 1716 curvaque
329 1639 496 1715 Tyrrhenos
509 1639 682 1715 delphinum
696 1657 815 1714 corpora
826 1640 934 1697 nautas
972 1642 1009 1694 25

200 1738 238 1795 In
251 1739 326 1796 vada
337 1737 492 1814 pampinea
505 1737 659 1796 desiluisse
673 1740 745 1809 rate,

161 1839 201 1896 Et
213 1838 270 1896 tibi
282 1858 335 1914 per
347 1837 472 1895 mediam
484 1839 559 1896 beno
572 1837 683 1897 olentia
694 1835 817 1895 flumina
829 1836 925 1908 Diam,

200 1938 286 1996 Unde
298 1941 385 1996 tuum
397 1939 502 2012 potant
515 1936 614 1994 Naxia
626 1937 715 1995 turba
726 1955 850 1994 merum.

163 2036 291 2094 Candida
303 2034 412 2094 laxatis
425 2039 543 2094 onerato
559 2034 634 2092 colla
647 2034 790 2112 corymbis

201 2135 304 2209 (linget
316 2133 479 2193 Bassaricas
493 2132 588 2210 Lydia
601 2133 689 2191 mitra
703 2151 807 2204 comas,
975 2136 1011 2189 30

163 2234 250 2293 Levis
264 2235 381 2292 odorato
396 2232 496 2290 cervix
510 2231 641 2289 manabit
654 2230 740 2302 olivo,

202 2332 243 2390 Et
255 2332 344 2390 feries
356 2331 450 2389 nudos
464 2334 546 2389 veste
558 2329 669 2388 fluente
683 2329 779 2404 pedes.

164 2430 267 2487 Mollia
279 2430 419 2488 Dircaeae
431 2430 594 2504 pulsabunt
606 2432 747 2505 tympana
760 2428 886 2500 Thebae,

204 2527 379 2602 capripedes
393 2529 503 2586 calamo
517 2529 612 2586 Panes
624 2527 726 2586 hiante
740 2530 855 2598 canent,

164 2624 280 2682 Vertice
294 2625 440 2699 turrigero
455 2626 542 2685 iuxta
555 2628 609 2685 dea
621 2647 727 2701 magna
741 2628 858 2703 Cybebe
978 2632 1013 2683 35

204 2723 322 2781 Tundet
335 2723 372 2781 ad
385 2724 489 2782 Idaeos
503 2725 636 2803 cymbala
648 2745 737 2784 rauca
750 2726 861 2785 choros.

164 2823 243 2879 Ante
256 2821 332 2880 fores
344 2823 448 2897 templi
462 2827 556 2882 crater
569 2824 710 2883 antistitis
724 2844 794 2882 auro

204 2921 342 2979 Libatum
355 2921 480 2979 fundens
493 2922 526 2980 in
538 2927 592 2981 tua
605 2942 686 2981 saera
698 2942 821 2981 merum.

165 3019 247 3077 Haec
261 3039 314 3093 ego
326 3038 386 3077 non
398 3019 505 3078 humili
518 3021 642 3079 referam
655 3021 840 3080 memoranda
853 3021 1005 3089 cothurno,

205 3118 307 3183 Qualis
320 3119 474 3178 Pindarico
488 3120 609 3197 spiritus
622 3141 671 3181 ore
683 3125 777 3181 tonat.
978 3125 1015 3177 40

165 3217 211 3274 Tu
224 3217 307 3274 modo
322 3217 440 3276 servitio
454 3238 580 3277 vacuum
592 3239 639 3278 me
653 3219 724 3279 siste
738 3220 871 3297 superbo,

204 3319 305 3392 Atque
319 3317 373 3375 hoc
387 3317 546 3378 sollicitum
560 3317 644 3378 vinee
658 3339 758 3396 sopore
773 3322 871 3396 caput.
