2168 3720
178 211 232 268 xvi
486 211 726 272 PRAEFATIO.

178 387 226 426 me
259 367 454 426 Baehrensius
486 370 598 445 publici
619 370 693 429 iuris
718 371 800 440 iecit,
838 370 921 429 blisc.
956 370 1032 430 Orit.

179 486 209 541 p.
234 471 281 523 83.
322 466 368 524 De
387 468 472 525 cultu
491 468 624 542 lugentis
644 469 709 527 Nili
727 469 760 526 in
778 468 928 544 triumpho
948 469 1034 527 ducti

179 586 233 641 per
249 566 313 623 vias
329 565 463 642 loquitur
477 571 573 642 poeta
623 568 672 626 Sic
686 573 714 625 3.
730 573 758 625 5.
774 572 821 638 34,
843 568 946 624 atrata
969 586 1034 624 cor-

179 669 301 740 ruptum
319 668 365 722 est
382 663 416 721 in
432 667 563 722 attracti}
581 666 615 722 in
630 666 827 740 Groningano,
845 666 879 723 in
900 668 1035 724 wtroctie

179 764 212 820 in
222 763 372 821 Perusino.
396 763 483 822 Hanc
496 764 727 823 emendationem
739 766 820 842 typis
833 785 1036 840 expresseram

179 864 213 920 in
234 863 362 921 editione
384 862 531 937 Propertii
551 868 693 939 quattuor
713 865 819 923 abhinc
840 865 924 922 annis
946 883 965 921 a
986 884 1035 922 me

180 962 299 1038 incepta
337 962 376 1019 ad
409 962 518 1020 calcem
551 967 651 1021 tamen
686 983 747 1021 non
780 965 929 1039 perducta.
987 963 1034 1022 Gi.

181 1061 271 1134 Verg.
294 1061 370 1120 Aen.
399 1066 428 1118 8.
454 1062 532 1119 711:
567 1081 674 1136 magno
704 1067 882 1121 maerentem
914 1081 1036 1138 corpore

183 1159 299 1216 Nilum.
341 1160 421 1217 Pers.
446 1164 473 1216 6.
497 1160 551 1217 47:
580 1160 776 1237 ingentesque
794 1162 875 1219 locat
894 1160 1036 1218 Caesonia

182 1258 317 1331 Rhenos;
338 1262 407 1317 ante
424 1279 523 1317 omnes
537 1259 684 1330 Ovidium,
700 1261 766 1318 Art.
785 1264 810 1317 1.
826 1264 896 1331 223,
911 1260 947 1317 de
960 1260 1035 1317 ima-

182 1357 301 1430 ginibus
312 1357 472 1417 fluviorum
483 1359 516 1416 in
528 1359 678 1435 triumpho
692 1359 807 1417 ductis:

222 1458 323 1532 Atque
336 1457 436 1533 aliqua
449 1477 487 1515 ex
499 1459 561 1517 illis
573 1479 641 1517 cum
653 1478 756 1534 regum
767 1458 886 1516 nomina
899 1462 1023 1534 quaeret

231 1554 234 1558 ⁴
264 1554 346 1619 Quae
358 1554 430 1627 loca,
447 1557 499 1632 qui
512 1561 635 1629 montes,
651 1576 763 1634 quaere
774 1557 908 1615 ferantur
922 1576 1035 1633 aquae;

219 1654 279 1711 Hic
293 1657 339 1712 est
351 1654 527 1730 Euphrates,
542 1656 726 1732 praecinctus
739 1655 881 1714 arundine
894 1655 1034 1717 frontem.

262 1752 317 1810 cai
331 1772 412 1811 coma
423 1755 569 1830 dependet
581 1756 697 1813 caerula
710 1755 807 1829 Tigris
820 1755 886 1814 erit.

184 1858 290 1910 tractus
303 1852 344 1924 H,
359 1853 459 1927 vulgo.
493 1853 587 1912 arbem
600 1854 639 1924 N,
654 1854 695 1913 H.
729 1853 796 1913 arto
809 1854 854 1912 ed.

225 1956 251 2008 1.
274 1950 322 2008 47.
343 1951 448 2009 onoN.
483 1953 536 2010 oni
547 1952 588 2009 H.

228 2057 254 2110 l.
276 2057 324 2110 54.
346 2052 488 2110 colotiooia
500 2052 579 2112 libri.
615 2052 743 2110 alama
758 2052 896 2125 Scaliger.

93 2160 103 2201 ·.
228 2156 254 2210 1.
277 2156 324 2208 63.
355 2151 461 2209 Maca
486 2152 525 2210 N.
568 2152 725 2210 Haemonio
755 2151 844 2208 libri:
885 2150 1041 2208 Haemonii

187 2249 337 2322 Heinsius,
353 2251 387 2309 L.
402 2251 574 2309 Muellerus.
616 2250 661 2310 cf.
677 2251 732 2308 Ov.
750 2251 818 2307 Am.
833 2253 862 2306 2.
878 2254 906 2306 9.
923 2249 950 2307 7.

228 2353 253 2406 1.
277 2354 323 2406 66.
348 2349 481 2408 Tantalio
493 2349 532 2422 N,
543 2350 586 2410 H.
629 2349 774 2408 Tantaleae
786 2348 956 2407 Beroaldus.

228 2452 254 2506 l.
277 2448 324 2506 73.
345 2448 755 2524 opcaN‚paraGroninganus,
766 2447 807 2505 H.
837 2451 865 2503 2.
881 2452 909 2503 4.
917 2445 987 2520 fata
996 2445 1035 2504 N.

225 2552 254 2607 2.
278 2551 324 2605 ll.
344 2547 488 2606 Mercurio
501 2549 570 2606 cotia
581 2547 620 2606 N.
647 2547 754 2605 Oaracia
761 2545 956 2604 Burmannus.
971 2545 1038 2602 Hoc

186 2646 248 2721 ipse
257 2644 370 2718 extudi‚
383 2649 414 2704 et
423 2646 553 2705 Pirithoo
561 2666 614 2722 pro
622 2645 773 2717 Mercurio,
783 2644 1035 2714 inHermathena,

190 2745 275 2803 1874.
322 2744 429 2802 Orraoia
447 2764 550 2803 verum
570 2765 631 2803 esse
650 2745 738 2803 etiam
756 2763 835 2802 nunc
848 2743 965 2802 iudico:
988 2742 1039 2800 sed

187 2843 329 2902 Mercurio
356 2862 435 2901 nunc
461 2844 583 2902 retineo.
618 2844 726 2902 Poetae
753 2843 831 2901 enim
857 2843 1040 2900 obversatam

188 2962 250 3000 esse
263 2942 348 3000 credo
360 2941 491 3000 fabulam
509 2941 638 3018 aliquam
651 2941 831 3018 deperditam
849 2959 925 3017 quae
938 2939 1039 2998 Ischo-

162 3061 168 3072 ’
188 3043 311 3101 machen
322 3062 385 3101 rem
398 3042 535 3101 habuisse
548 3062 615 3100 cum
628 3042 774 3101 Mercurio
787 3039 958 3118 prodiderit.

117 3182 123 3194 .
228 3147 256 3200 2.
281 3147 327 3201 12.
343 3144 439 3217 primo
452 3141 530 3214 libri,
545 3141 646 3200 Brimo
659 3141 813 3200 Turnebus
824 3162 832 3214 ;
852 3140 964 3199 frustra
976 3139 1038 3215 opi·

187 3262 258 3300 nor:
281 3241 349 3299 vide
361 3245 461 3300 tamen
473 3240 611 3299 Ellisium
631 3240 709 3299 Prof.
724 3239 801 3300 Diss.
816 3239 937 3299 Univer.
953 3237 1037 3308 0011„

187 3341 279 3400 Lond.
298 3341 383 3399 1871.
