2168 3720
109 233 146 290 74
290 227 510 291 PROPERTII
529 227 590 287 EL.
611 227 675 300 III,
701 232 726 286 1.
742 232 771 286 2.

99 332 118 361 L

32 362 96 465 βω
113 390 212 448 Omnia
224 392 291 466 pmst
304 389 417 447 obitum
430 378 517 462 fingit
530 384 639 445 maiora
651 388 782 445 vetustas
794 407 802 445 :

114 484 119 488 ’
130 482 135 487 ’
146 478 243 547 Maius
257 489 292 546 ab
307 485 440 564 exequiis
451 504 558 544 nomen
570 484 603 542 in
616 503 666 542 ora
678 484 770 543 venit.

107 587 184 646 Nam
197 586 263 664 quis
277 606 351 663 equo
365 587 465 662 pulsas
479 584 601 660 abiegno
614 587 747 643 nosceret
760 603 849 657 aroes,
918 589 955 642 25

147 685 342 762 Fluminaque
355 683 517 743 Haemonio
532 682 661 741 eominus
674 681 731 742 isse
744 682 817 756 viro,

107 785 209 843 ldaeos
221 788 330 844 montes
344 784 424 843 Iovis
438 781 605 842 inmaebula
612 783 709 857 porei,

147 883 277 942 Hectora
288 902 341 960 per
355 901 470 958 oampos
483 885 530 940 ter
542 881 703 940 maculasse
714 880 817 939 rotas?

108 983 351 1059 Deiphobumque
378 981 586 1057 Helenumque
613 984 644 1040 et
669 980 899 1058 Pulydamantas
924 980 957 1039 in

186 1081 297 1140 armis?

148 1181 397 1257 Qualemeumque
410 1177 499 1237 Parin
511 1177 565 1236 vix
579 1197 632 1236 sua
643 1181 743 1237 nosset
754 1179 871 1239 humus.
919 1184 956 1238 30

109 1279 223 1355 Exiguo
237 1297 367 1338 sermone
379 1277 457 1336 fores
469 1296 549 1335 nuno
561 1276 649 1350 Ilion,
665 1280 697 1336 et
709 1280 745 1336 tu
809 1266 812 1270 ⁴

147 1379 233 1438 Troia
245 1378 290 1438 bis
304 1377 405 1438 Oetaei
418 1376 539 1435 numine
553 1378 640 1451 oapta
652 1374 710 1433 dei.

108 1477 170 1536 Neo
183 1496 243 1535 non
254 1478 307 1536 ille
319 1476 367 1536 tui
380 1496 463 1535 oasus
475 1477 646 1534 memorator
659 1473 807 1535 Homerus

147 1575 322 1634 Posteritate
336 1595 421 1634 suum
435 1595 561 1634 oresoere
575 1575 667 1635 sensit
680 1595 763 1652 opus.

108 1674 217 1749 Meque
228 1673 307 1732 inter
320 1693 397 1732 seros
409 1673 544 1733 laudabit
557 1673 650 1733 Roma
662 1678 784 1751 nepotes
796 1695 803 1734 :
919 1680 955 1734 35

148 1773 240 1832 Illum
252 1776 318 1849 post
331 1773 442 1833 eineres
455 1794 582 1850 auguror
593 1775 658 1852 ipse
671 1775 753 1834 dmm.

109 1872 139 1931 N
139 1893 155 1932 e
167 1893 233 1932 mea
245 1876 411 1949 oontempto
423 1874 499 1950 lapis
511 1873 622 1933 indioet
635 1894 699 1933 ossa
712 1875 845 1950 sepulcro

149 1971 302 2031 Provisum
315 1976 359 2031 est
372 1970 463 2050 Lyoio
475 1975 545 2032 vota
557 1974 700 2049 probante
712 1973 776 2032 deo.

515 2169 550 2208 H.

111 2268 254 2329 Carminis
267 2269 380 2330 interea
391 2269 486 2330 nostri
497 2271 649 2330 redeamus
661 2270 694 2330 in
707 2273 815 2344 orbem,

151 2367 283 2427 Gaudeat
295 2374 328 2427 at
341 2370 426 2428 solito
438 2372 519 2428 taeta
530 2369 630 2445 puella
644 2388 723 2428 sono.

111 2467 227 2543 Orphea
240 2467 376 2527 delinisse
389 2468 465 2527 feras
480 2472 510 2526 et
524 2468 637 2527 eonoita
650 2468 753 2528 dieunt

149 2566 287 2625 Flumina
300 2567 434 2626 Threicia
448 2566 619 2626 sustinuisse
631 2567 716 2646 lyra:

113 2665 190 2724 Saxa
203 2664 384 2724 Cithaeronis
397 2665 510 2724 Thebas
524 2665 635 2740 agitata
646 2684 699 2740 per
712 2668 805 2724 artem
942 2671 958 2724 5

152 2764 262 2840 Sponte
275 2763 371 2822 suain
384 2762 461 2821 muri
474 2766 602 2822 membra
615 2762 703 2821 ooisse
715 2762 836 2824 ferunt:

113 2863 193 2929 Quin
207 2863 303 2936 etiam,
319 2864 507 2941 Polypheme,
524 2862 595 2920 freto
609 2862 731 2921 Galatea
743 2863 798 2922 sub
811 2863 909 2923 Aetna

152 2963 201 3021 Ad
213 2966 265 3022 tua
278 2967 409 3022 rorantes
422 2961 550 3021 earmina
563 2961 651 3020 flexit
664 2981 773 3039 equos:

112 3061 262 3135 Miremur,
277 3061 361 3121 nobis
375 3065 405 3121 et
418 3042 532 3120 Baoeho
546 3063 576 3119 et
589 3060 728 3137 Apolline
741 3061 855 3134 dextro,

153 3160 251 3219 Turba
263 3161 428 3236 puellarum
441 3160 466 3218 si
478 3179 544 3218 mea
556 3161 645 3219 verba
659 3158 754 3220 oolit?
924 3164 960 3218 10

114 3258 200 3324 Quod
211 3278 271 3316 non
285 3259 433 3318 Taenariis
446 3260 549 3317 domus
563 3261 608 3318 est
620 3257 694 3316 mihi
707 3257 786 3318 fulta
798 3257 950 3332 columnis,

151 3356 183 3416 N
183 3376 215 3417 eo
229 3376 342 3418 camera
354 3361 470 3418 auratas
482 3357 561 3418 inter
574 3359 685 3417 eburna
696 3358 803 3431 trabes,
