2168 3720
96 245 140 303 xii
399 243 638 302 PRAEFATIO.

138 407 182 462 13.
205 407 253 460 24.
275 403 306 460 c‘a
319 398 396 473 libri,
413 402 446 459 ab
461 401 600 476 Scaliger.
642 401 760 460 milacis
773 402 811 460 N.

138 506 184 561 13.
206 506 255 558 28.
276 501 379 558 adduci
395 500 446 558 N.

137 605 183 658 13.
206 604 253 657 30.
274 599 364 657 Ladae
371 604 463 673 parta
471 599 508 656 N.
537 599 628 657 Deduc
639 600 875 674 epartaHerta,
891 601 949 659 im-

95 719 205 758 memor
223 701 258 757 ut
273 698 392 756 videtur
404 701 465 756 tres
478 697 570 756 fuisse
582 698 658 756 filias
668 699 772 769 Ledae,
788 698 947 768 Helenam,

97 801 345 877 Clytaemestram,
356 798 503 856 Phoeben.
542 798 653 856 Verum
663 799 816 856 docueram
828 798 861 856 in
870 800 950 858 Her-

96 900 241 972 mathena,
256 899 315 957 vol.
337 898 368 970 i.,
393 899 478 968 1873,
501 897 628 973 Hauptii
648 898 795 973 opusculis
814 899 949 956 nondum

97 999 235 1057 collectis.
277 999 414 1058 Phoeben
429 998 548 1057 tertiam
565 1016 626 1055 esse
643 997 857 1071 adiungendam
875 998 950 1055 dua-

96 1100 152 1156 bus
169 1097 337 1156 elarioribus
360 1096 504 1155 sororibus
524 1100 593 1154 ante
606 1114 658 1153 nos
671 1096 786 1154 viderat
799 1096 836 1153 N.
852 1096 950 1153 Hein-

97 1197 174 1254 sius:
190 1197 257 1255 vide
271 1197 334 1255 eius
347 1197 470 1254 Advers.
484 1215 514 1270 p.
531 1200 597 1252 325.

140 1301 185 1353 13.
208 1300 255 1352 35.
282 1295 356 1362 Quae
372 1294 484 1353 codices
502 1297 533 1353 et
552 1293 685 1352 editores.
727 1296 779 1370 qai
790 1295 845 1366 ed,
866 1296 950 1371 “qui

98 1415 177 1452 error
190 1394 245 1453 tibi
259 1393 299 1452 sit
311 1393 387 1452 felix
401 1394 538 1470 quoniam
552 1414 645 1452 novus
658 1394 793 1454 incidit.’'
835 1396 950 1453 Absur-

98 1495 165 1552 dam
191 1492 371 1551 Lachmanni
391 1493 668 1568 interpunctionem,
698 1499 802 1569 “quae
823 1493 880 1552 tibi
901 1494 950 1567 sit,

97 1592 173 1651 felix
182 1592 320 1668 quoniam
328 1612 422 1651 novus
430 1592 536 1652 incidit
550 1593 652 1651 error''
666 1592 793 1669 penitus,
806 1596 842 1650 ut
855 1612 949 1667 spero,

98 1693 214 1752 sustuli.
556 1698 602 1750 13.
625 1697 673 1751 36.
694 1711 857 1768 quocumque
870 1691 909 1750 N.

141 1797 186 1851 14.
209 1796 257 1848 24.
279 1791 323 1849 cel
347 1791 385 1864 N,
410 1811 457 1850 aaa
480 1792 513 1849 H
534 1812 601 1850 cum
627 1792 795 1850 Dresdensi.
841 1795 891 1849 aut
915 1789 951 1848 L.

100 1891 272 1949 Muellerus.
396 1932 400 1938 -
632 1896 677 1950 15.
700 1891 728 1948 7.
750 1890 857 1948 ateboa‘e
871 1888 909 1947 N.

142 1994 188 2047 15.
213 1993 258 2061 15,
283 1992 319 2045 16
339 2017 360 2037 =
379 1992 427 2059 21,
453 1993 491 2045 22
514 1992 584 2065 post
610 1994 645 2046 18
673 1989 828 2047 collocavit
850 1988 952 2046 Mark-

101 2092 225 2150 landus:
249 2093 367 2166 post‘20
386 2090 430 2148 ed.

143 2195 188 2248 15.
213 2191 258 2249 17.
274 2188 417 2263 postillae
440 2189 478 2262 N,
504 2188 545 2246 H.
577 2189 696 2264 postilla
726 2189 760 2247 G.
792 2189 954 2250 Fabricius.

101 2310 115 2347 a
143 2289 286 2365 sequitur,
306 2293 373 2363 poet
397 2287 461 2346 illae
493 2286 603 2346 scribae
623 2288 774 2359 exhibens,
801 2287 956 2346 confestim

101 2390 274 2446 correcturo.

145 2492 191 2545 15.
214 2491 262 2543 29.
284 2485 380 2543 Malta
393 2484 430 2542 N.
459 2484 551 2543 Nulla
563 2484 604 2557 H,
621 2484 816 2543 Passeratium
825 2471 955 2544 secutus.

104 2586 179 2645 Aba
192 2584 265 2642 coni.
280 2584 476 2642 Burmannus.
511 2585 550 2642 In
569 2583 629 2642 alta
645 2585 707 2660 ipse
723 2585 891 2642 incideram.
916 2585 954 2642 ci.

105 2687 159 2744 Ov.
175 2684 261 2743 Trist.
279 2688 395 2742 1.8.1:
418 2685 457 2741 In
471 2687 559 2760 caput
577 2684 640 2742 alta
656 2704 741 2742 suum
760 2685 899 2743 labentur
919 2687 956 2743 ab

105 2804 230 2862 aequore
260 2787 357 2841 retro:
390 2782 448 2840 laba·
478 2784 627 2842 interdum
654 2784 716 2843 sine
741 2784 957 2860 praepositione

107 2904 173 2942 cum
183 2882 310 2941 ablativo
320 2881 453 2957 ponitur;
467 2883 510 2941 ita
518 2883 595 2941 illud
604 2883 742 2958 Vergilii:
758 2884 876 2943 labatur
888 2902 955 2959 pee-

101 2989 170 3042 tore
179 2985 291 3043 vultus.
331 2984 438 3043 Contra
451 3002 485 3041 ea
497 2982 577 3040 uallo
589 2983 705 3040 firmare
714 2982 832 3041 videtur
844 2983 926 3040 locus
940 3003 958 3040 a

107 3083 283 3142 Baehrensio
296 3083 380 3142 Misc.
396 3081 467 3146 Oris.
482 3100 512 3157 p.
525 3080 573 3152 77,
585 3081 740 3139 laudatus:
759 3081 828 3139 “Et
840 3080 958 3138 Rhoda-

106 3201 163 3241 nus
173 3182 264 3241 aallae
274 3183 307 3240 in
320 3199 399 3239 mare
412 3181 500 3239 ducet
508 3179 628 3255 aquas.''
639 3179 723 3238 Anth
733 3180 799 3238 Lat.
812 3185 837 3239 1.
847 3184 916 3251 440,
928 3185 957 3237 5.

108 3284 183 3342 Aua
199 3287 299 3342 tamen
314 3283 347 3340 in
361 3300 498 3358 praeseus
515 3280 653 3356 praetuli.
684 3262 814 3339 'Mutilus
832 3281 880 3339 vel
897 3299 959 3338 cor-

107 3404 189 3443 rosus
211 3383 248 3442 ad
259 3382 379 3441 initium
397 3400 500 3441 versus
522 3380 625 3439 multis
645 3380 717 3440 locis
729 3380 820 3440 fuisse
840 3380 961 3440 videtur
