2168 3720
344 219 571 298 ,PROPERTII
591 219 651 278 ΕΒ.
666 218 711 290 II,
728 222 774 276 24.
951 222 986 274 55

523 465 604 505 XXIV.

139 578 204 636 Hoo
218 580 280 636 erat
292 577 325 635 in
337 576 439 652 primis
452 576 530 652 quod
543 595 588 634 me
602 576 728 650 gaudere
741 576 882 635 iubebas?

179 670 250 735 Tam
262 679 293 734 te
306 675 460 733 formosam
472 695 531 733 non
544 675 636 750 pudet
650 695 710 734 esse
723 675 840 734 levem?

139 775 206 833 Una
219 778 271 834 aut
284 775 375 833 altera
387 793 447 832 nox
460 774 590 832 nondum
603 777 647 832 est
660 774 692 831 in
706 793 801 832 amore
813 777 938 849 peraeta,

78 878 114 920 (²⁰)
179 873 219 931 Et
231 872 310 932 dioor
322 874 398 932 leoto
411 872 470 930 iam
483 871 579 946 gravis
593 892 654 930 esse
667 874 729 931 tuo.

139 973 189 1031 Me
201 973 285 1031 modo
298 973 444 1045 laudabas,
461 975 491 1030 et
505 971 632 1030 earmina
644 976 743 1030 nostra
754 972 888 1046 legebas:
970 977 987 1028 5

179 1072 236 1130 Ille
249 1075 320 1131 tuus
332 1090 442 1147 pennas
454 1074 515 1130 tam
529 1071 587 1129 oito
600 1070 690 1129 vertit
704 1069 805 1128 amor?

140 1169 303 1229 contendat
315 1188 429 1228 mecum
441 1168 568 1244 ingenio,
585 1169 740 1228 contendat
754 1171 784 1226 et
797 1170 868 1239 arte,

179 1270 217 1327 In
230 1268 331 1344 primis
343 1289 404 1327 una
416 1268 508 1327 discat
521 1288 616 1327 amare
630 1269 732 1326 domo:

72 1375 113 1420 (2⁵)
141 1367 173 1426 si
185 1367 304 1427 libitum
315 1367 372 1426 tibi
385 1367 450 1442 erit,
464 1367 608 1425 Lernaeas
620 1369 733 1443 pugnet
745 1366 782 1424 ad
794 1366 911 1443 hydras,

180 1467 219 1525 Et
233 1467 289 1525 tibi
302 1468 338 1525 ab
352 1466 494 1543 Hesperio
507 1467 584 1525 mala
597 1466 718 1524 dracone
731 1464 816 1536 ferat,
953 1468 988 1521 10

140 1566 245 1624 Taetra
257 1586 369 1624 venena
381 1565 476 1625 libens
490 1570 520 1625 et
532 1565 692 1640 naufragus
706 1565 803 1624 ebibat
815 1565 917 1637 undas,

149 1682 152 1686 ⁸
179 1664 219 1722 Et
231 1684 391 1742 numquam
403 1684 456 1741 pro
468 1668 499 1723 te
512 1665 637 1739 deneget
649 1683 710 1723 esso
722 1663 849 1722 misor-

140 1763 219 1828 Quos
231 1763 346 1822 utinam
358 1764 391 1821 in
403 1763 495 1835 nobie,
510 1763 581 1837 vita,
597 1763 745 1840 experiare
759 1764 927 1821 labores-z

77 1880 115 1922 (³⁰)
179 1862 244 1918 Iam
256 1861 313 1920 tibi
326 1862 362 1920 de
375 1861 486 1920 timidis
498 1861 554 1921 iste
567 1865 719 1938 protervus
733 1862 797 1937 erit,

140 1959 200 2025 Qui
212 1979 291 2018 nuno
300 1979 330 2018 se
338 1960 371 2018 in
380 1960 527 2018 tumidum
537 1960 670 2020 iactando
681 1960 763 2019 venit
771 1962 927 2018 honorem:
953 1963 987 2016 15

179 2058 340 2117 Discidium
353 2057 435 2118 vobis
447 2059 597 2134 proximus
611 2079 704 2118 annus
713 2058 778 2118 erit.

139 2158 183 2215 At
195 2176 310 2215 menon
323 2160 403 2215 aetas
415 2157 542 2216 mutabit
554 2161 617 2216 tota
631 2157 769 2233 Sibyllae,

179 2256 210 2313 N
210 2276 247 2313 on
259 2256 342 2314 labor
354 2255 484 2328 Aloidae,
499 2275 559 2314 non
572 2255 655 2330 niger
667 2255 718 2313 ille
731 2256 803 2315 dies.

78 2372 116 2414 (³⁵)
141 2355 186 2413 Tu
195 2375 259 2414 mea
272 2374 424 2432 componas
438 2359 468 2416 et
481 2356 577 2415 dices:
602 2356 702 2414 “Ossa
715 2356 857 2431 Properti,

183 2456 293 2514 “Haeo
307 2460 360 2515 tua
374 2460 457 2515 sunt:
473 2457 601 2515 heuheu
611 2459 647 2515 tu
656 2455 729 2514 mihi
738 2460 834 2515 sertus
843 2477 915 2516 eras.
951 2461 988 2514 20

141 2556 247 2614 Certus
261 2575 323 2614 eras
336 2557 476 2628 heuheu,
493 2555 626 2632 quamvis
639 2574 693 2613 neo
707 2555 849 2629 sanguine
863 2555 941 2614 avito

179 2654 295 2713 Nobilis
308 2658 339 2715 et
353 2654 488 2732 quamvis
501 2674 557 2713 noa
569 2654 613 2713 ita
625 2654 707 2713 dives
721 2654 814 2713 eras.''

140 2753 192 2812 Nil
206 2773 258 2828 ego
271 2773 330 2812 non
342 2753 454 2830 patiar:
476 2773 636 2829 numquam
649 2772 695 2812 me
707 2752 816 2812 iniuria
828 2756 940 2812 mutat:

78 2864 116 2907 140)
180 2852 268 2911 Ferre
282 2871 334 2926 ego
347 2851 502 2909 formosam
514 2853 630 2910 nullum
643 2871 717 2911 onus
729 2872 791 2911 esse
804 2856 885 2928 puto.

142 2951 233 3009 (lredo
247 2970 300 3025 ego
313 2969 372 3019 non
384 2969 491 3026 pausos
503 2950 561 3010 ista
572 2951 691 3027 periisse
704 2952 807 3024 figura,
954 2955 991 3008 25

182 3048 273 3108 Credo
287 3069 340 3124 ego
352 3070 359 3107 :
383 3049 433 3107 sed
445 3049 554 3107 multos
566 3069 625 3108 non
637 3049 773 3108 habuisse
786 3051 882 3108 fidem.

143 3149 235 3207 Parvo
249 3148 355 3207 dilexit
369 3148 462 3225 spatio
475 3148 606 3207 Minoida
618 3148 755 3220 Theseus,

182 3247 321 3325 Phyllida
333 3246 531 3322 Demophoon,
546 3247 650 3323 hospes
663 3251 788 3325 uterque
801 3248 903 3309 malus.

80 3366 118 3410 (1)
144 3347 209 3406 Iam
221 3347 277 3407 tibi
291 3347 408 3407 Iasonia
420 3351 491 3408 nota
504 3339 550 3408 est
562 3349 666 3408 Medea
679 3349 785 3423 carina,
