2168 3720
285 219 504 279 PROPERTII
524 218 584 277 ΕΒ.
607 217 651 290 11,
675 217 722 275 27.
738 220 790 290 28.Ι
921 217 955 270 61

104 379 140 438 Io
153 396 239 438 versa
252 379 342 455 caput
353 377 462 455 primos
475 376 642 452 mugirerat
655 393 746 434 annos
757 394 766 432 τ

145 477 233 538 Nunc
247 477 310 551 dea,
327 496 402 554 quae
415 475 480 535 Nili
492 473 615 534 flumina
627 492 715 532 vacco
727 471 812 532 bibit.

105 577 162 636 Ino
177 576 266 636 etiam
278 575 373 653 prima
384 575 472 634 terris
485 577 581 633 aetate
594 575 701 648 vagata
714 575 777 631 est:

145 676 232 735 Hanc
245 676 334 736 miser
346 674 475 752 implorat
486 673 589 734 navita
601 673 797 731 Leucothoen.
920 673 958 749 20

105 774 291 834 Andromede
303 773 442 834 monstris
454 773 554 832 iuerat
566 772 671 831 devota
683 770 823 829 marinis:

145 874 229 933 Haec
243 873 343 932 eadem
355 871 454 931 Persei
467 871 574 931 nobilis
586 889 663 929 uxor
676 872 748 928 erat.

106 971 229 1031 Callisto
242 971 382 1030 Arcadios
395 972 543 1030 erraverat
554 989 624 1028 ursa
634 989 689 1047 per
702 988 805 1045 agros:

145 1071 229 1130 Haec
242 1074 386 1130 nocturna
399 1088 451 1129 suo
465 1068 558 1129 sidero
571 1070 638 1128 vele
649 1067 736 1144 regit.

108 1170 194 1235 Quod
207 1169 232 1228 si
244 1168 321 1228 forte
333 1169 391 1228 tibi
403 1168 590 1246 properarint
601 1167 665 1228 fato
678 1167 817 1245 quietem,
923 1171 959 1224 25

147 1269 207 1327 Illa
220 1269 389 1344 sepulturae
401 1267 465 1327 iata
478 1268 565 1327 beato
576 1271 655 1326 tuae.

107 1366 248 1426 narrans
261 1366 401 1438 Semelae,
418 1386 476 1443 quo
490 1366 529 1426 sit
541 1365 668 1425 formosa
679 1364 808 1443 periclo:

148 1464 255 1524 Credet
269 1463 373 1537 stilla,
390 1484 442 1524 suo
455 1464 541 1524 docto
553 1465 653 1541 puella
665 1465 742 1523 malo
754 1484 761 1522 :

109 1564 151 1623 ut
162 1561 220 1623 tibi
232 1563 382 1622 Maeonias
395 1562 489 1623 omnis
501 1563 635 1623 heroidas
647 1563 725 1623 inter

108 1676 113 1682 ·
148 1660 264 1720 Primus
278 1661 432 1721 eritnullc
444 1681 505 1720 uon
517 1663 666 1722 tribuente
679 1663 770 1721 locus.
924 1664 961 1717 30

108 1759 207 1834 Nunc,
221 1763 383 1838 utcumque
395 1764 487 1838 potes,
503 1760 566 1821 fato
580 1781 648 1836 gere
663 1761 760 1821 saucia
772 1779 900 1820 morem:

148 1859 189 1919 Et
202 1859 274 1919 deus
287 1864 318 1919 et
330 1860 422 1920 durus
435 1861 564 1921 vertitur
576 1861 639 1938 ipse
655 1861 725 1920 dies.

109 1957 176 2018 Hoc
187 1957 245 2018 tibi
257 1960 307 2018 vel
319 1959 428 2036 poterit
441 1961 572 2020 coniunx
584 1959 733 2036 ignoscere
746 1960 843 2018 Iuno:

148 2057 310 2134 Frangitur
323 2063 354 2119 et
366 2060 453 2133 Iuno,
470 2060 495 2120 si
509 2079 568 2138 qua
581 2060 682 2137 puella
694 2059 781 2136 perit.

479 2258 603 2317 nmmb

61 2395 99 2439 (a)
110 2374 262 2436 Deficiunt
275 2375 387 2451 magico
400 2376 472 2437 torti
486 2379 540 2437 sub
554 2375 682 2437 carmine
694 2375 818 2449 rhombi,
914 2360 917 2364 ⁴

151 2477 192 2534 Et
204 2474 282 2534 iacet
295 2475 427 2535 extincto
440 2477 542 2535 laurus
556 2477 660 2536 adusto
673 2477 746 2549 ioco,

111 2573 153 2633 Et
165 2573 225 2632 iam
238 2573 323 2632 Luna
335 2579 425 2650 negat
437 2574 546 2635 totiens
560 2576 733 2634 descendere
747 2575 835 2648 caelo,

151 2672 181 2730 N
181 2671 303 2749 igraque
317 2671 469 2732 funestum
483 2672 607 2732 concinit
619 2692 704 2732 omen
717 2673 789 2732 avis.

112 2769 180 2830 Una
192 2770 265 2830 ratis
277 2770 334 2830 icti
346 2775 460 2831 nostros
473 2771 604 2849 portabit
616 2792 728 2832 amores
947 2776 965 2828 5

62 2890 100 2935 (ιο)
153 2868 277 2930 Caerula
290 2870 327 2929 ad
339 2870 469 2931 infernos
481 2872 629 2932 velificata
641 2873 732 2931 lacus.

114 2967 151 3028 so·
160 2988 221 3027 non
233 2969 331 3043 nnius,
348 2990 464 3048 quaeso,
479 2971 615 3031 miserere
628 2971 761 3030 duorum.

152 3066 268 3140 Vivam,
285 3069 311 3127 si
323 3069 423 3129 vivet:
447 3070 569 3131 siccdct
581 3070 643 3144 illa,
660 3070 768 3130 cadam.

114 3166 171 3224 Pro
185 3166 293 3243 quibus
306 3168 414 3246 optatis
427 3189 507 3229 sacro
520 3190 567 3229 me
581 3169 703 3230 crimine
717 3170 842 3228 damno:
899 3194 902 3198 ·

155 3265 285 3326 Scribam
312 3287 385 3344 ego:
417 3272 500 3346 “per
525 3288 664 3346 magnum
688 3267 768 3330 salva
789 3265 890 3344 puella
931 3269 966 3324 10

12 3402 17 3412 -
118 3386 120 3390 ⁸
192 3365 327 3439 Iovem‚”
