2168 3720
392 205 515 262 LIBER
534 204 580 261 II.
870 223 911 261 xv

95 367 144 420 20.
169 367 215 418 32.
237 363 269 422 Α
284 362 322 419 Ν.
354 363 495 420 amadrias
507 362 573 420 linc
586 360 624 418 N.
640 380 712 419 corr.
730 360 867 435 Scaliger.

94 467 144 518 20.
168 466 215 520 33.
237 461 455 536 argontliqucgc
468 462 506 519 N.
528 462 618 536 Pagae
632 460 769 534 Scaliger,
785 461 909 520 fortasse

55 568 147 622 recte.
190 563 236 624 Cf.
252 564 351 640 Apoll.
367 564 440 637 Arg.
459 568 484 621 1.
503 568 588 621 1222.
629 564 701 639 Pege
714 563 878 623 Turnebus.

96 668 144 720 20.
168 669 215 720 35.
237 664 329 722 nullae
342 663 380 735 N,
401 663 443 721 H.
471 663 546 722 nulli
559 663 603 721 ed.
619 665 649 721 et
663 666 730 720 ante
743 682 789 720 me
804 663 907 719 Aldus.

54 762 148 818 Miror
163 761 288 820 editores
300 762 423 820 formam
436 761 550 819 minimi
562 761 652 837 pretii
665 761 757 819 nullia
770 779 823 834 pro
836 761 911 818 nulli

55 860 227 918 servavisse.
277 862 320 918 nt
340 861 410 919 libri
431 880 529 918 omnes
550 859 643 918 nullae
663 859 810 918 exhibent.
861 860 909 917 Sic

55 979 175 1035 quoque
196 963 280 1017 erant
297 960 451 1018 retinenda
472 961 596 1030 mutati,
618 959 772 1029 certaverit,
792 957 907 1015 similia.

55 1057 209 1114 Librarius
226 1057 381 1132 pendebant
403 1057 558 1116 transitive
586 1057 706 1132 accepit,
731 1059 761 1114 et
786 1056 909 1112 “nulhc

54 1175 137 1213 carae
162 1157 251 1232 (nom.
280 1158 335 1233 pl.)
357 1157 512 1232 pendebant
535 1156 651 1215 debcw
677 1159 792 1231 poetam
814 1155 909 1213 dicere

54 1257 171 1314 voluit:
196 1258 281 1315 homo
294 1264 440 1330 versutus,
457 1258 591 1336 quisquis
603 1258 672 1316 fuit.

97 1361 146 1413 20.
171 1360 218 1412 52.
240 1356 350 1415 Versus
370 1361 535 1434 corruptus.
577 1358 703 1427 Phabet
717 1362 794 1414 tatae
814 1356 909 1414 sedin

55 1474 148 1528 marg.
163 1456 242 1513 ruris
262 1459 293 1513 et
308 1475 417 1515 rursus.
458 1457 596 1532 Repone:
620 1456 790 1514 Formosum
810 1457 845 1514 ni
866 1457 909 1512 vis

51 1555 173 1628 perdere
186 1574 291 1612 rursus
304 1555 417 1631 Hylan.

95 1659 144 1712 21.
168 1659 195 1711 5.
217 1659 321 1712 cauato
335 1660 367 1712 ut
380 1654 418 1725 N,
434 1654 475 1712 H.
516 1653 666 1713 Librarius
683 1673 742 1711 non
757 1653 909 1712 intellexit

54 1749 235 1803 structuram
260 1765 329 1804 sane
350 1746 466 1804 facilem
487 1745 651 1818 intellectu,
676 1749 707 1803 et
728 1750 832 1803 corato
856 1765 908 1820 pro

53 1842 229 1916 imperativo
243 1843 364 1918 accepIt.

95 1947 144 1998 21.
169 1943 321 2015 6.NcN,
343 1944 404 2001 Nec
423 1944 464 2001 H.
505 1944 585 2002 Haec
604 1943 685 2002 Itali.
720 1942 908 2001 NetHin

54 2043 216 2118 archetypo
235 2042 322 2100 facile
343 2042 464 2101 coniusa
477 2048 556 2102 sunt.
608 2043 668 2100 Nec
686 2062 739 2118 pro
758 2042 837 2099 Haec
857 2044 908 2101 dat

55 2141 84 2198 N
99 2145 127 2197 2.
146 2144 191 2210 15,
207 2141 254 2212 47,
266 2140 389 2199 fortasse
403 2141 483 2200 alias.
506 2146 568 2200 acta
581 2141 660 2214 libri,
675 2142 755 2198 Accu
768 2141 905 2214 Scaliger,
997 2154 1001 2164 ·

55 2240 135 2315 quod
149 2239 174 2296 si
187 2239 268 2313 legas
285 2239 322 2298 Ut
334 2259 387 2314 pro
397 2240 477 2298 Hace
489 2241 689 2315 reponendum
702 2239 847 2298 videatur.

96 2343 143 2396 22.
167 2342 194 2394 6.
216 2339 255 2396 su
268 2337 305 2409 N,
319 2338 359 2396 H.
399 2340 446 2396 scd
455 2339 499 2397 ed.
511 2339 560 2398 vel
570 2345 619 2396 cet.

308 2518 433 2576 LIBER
454 2518 670 2578 SECUNDUS.

98 2656 122 2706 1.
146 2654 173 2707 2.
195 2651 279 2708 morio
292 2651 330 2709 N.

97 2753 122 2805 1.
146 2754 173 2807 5.
195 2746 272 2830 vidi]
284 2751 356 2827 cogis
366 2750 404 2822 N,
411 2752 494 2809 coccio
502 2752 716 2825 Lachmannus,
727 2752 832 2810 Hertz.
847 2754 910 2810 cidi

54 2846 136 2904 Itali.
168 2848 241 2921 cogis
254 2851 353 2906 tamen
366 2848 415 2906 vel
428 2848 526 2924 ipsum
540 2852 617 2908 stare
630 2854 753 2926 poterat.

95 2950 122 3003 1.
145 2950 193 3004 20.
214 2947 377 3021 Impositum
404 2947 441 3006 N.
483 2949 688 3008 Lachmannus
719 2949 832 3008 confert
852 2950 906 3008 Ov.

54 3044 121 3102 Am.
138 3049 166 3103 2.
185 3050 210 3117 1,
229 3051 274 3103 14.
296 3047 460 3122 Inzpocc'tum
473 3049 578 3107 Hertz.
625 3054 651 3106 1.
674 3053 721 3106 21.
737 3068 854 3124 pergam
866 3049 905 3107 N.

96 3149 122 3201 1.
146 3149 193 3202 31.
215 3145 258 3202 Et
277 3147 316 3204 N.
350 3148 415 3206 Aut
434 3148 475 3208 H.
516 3152 629 3223 cyclum
649 3148 687 3220 N,
715 3148 839 3223 ngram
858 3149 907 3206 vel

54 3242 216 3317 Aegyptam
229 3243 311 3302 Itali.
358 3246 482 3320 Cyprum
490 3246 531 3304 H.
571 3247 687 3321 Coptum
699 3246 904 3305 Baehrensius.

53 3346 190 3400 attractus
203 3343 251 3401 N:
275 3348 384 3402 atratus
397 3347 453 3417 ed,
473 3365 561 3422 quam
585 3343 818 3404 emendationem
838 3349 910 3405 ante
