2168 3720
149 191 183 243 12
342 187 560 246 PROPERTII
580 189 640 248 ΕΒ.
662 190 689 260 Ι,
706 194 733 249 9.
752 193 797 247 10.

187 344 248 402 Nec
262 343 385 418 vigilare
399 344 456 403 alio
469 345 585 405 nomine
600 347 684 406 cedat
696 347 806 406 Amor:

148 442 206 505 Qui
218 462 277 500 non
290 446 358 501 ante
370 446 461 519 patei,
477 444 568 502 donec
580 463 683 504 manus
697 445 801 522 attigit
813 464 887 505 ossa.

187 539 328 617 Quisquis
342 561 380 613 cs,
398 541 527 600 assiduas
541 543 576 601 ad
589 543 660 618 fuge
673 543 841 603 blanditias.
964 549 1002 602 30

148 639 215 697 Illis
229 644 259 698 et
272 639 368 699 silices
382 643 412 699 et
424 642 537 716 possint
551 643 651 701 cedere
666 662 809 718 quercus;

187 738 302 796 Nedum
313 742 348 796 tu
361 739 461 814 possis,
478 739 598 816 spiritus
610 740 667 799 istc
679 740 763 800 levis.

149 835 254 907 Quare,
270 836 295 895 si
307 838 401 913 pudor
415 841 467 911 est,
484 839 713 916 quamprimum
726 842 822 899 errata
833 838 946 897 fatere:

188 935 300 1007 Dicere,
316 956 374 1012 quc
387 956 496 1012 percas,
513 957 597 1013 saepe
610 937 642 996 in
656 957 752 997 amore
765 938 855 996 levat.

560 1134 590 1172 X.

152 1234 175 1290 0
189 1233 316 1292 iucunda
330 1234 421 1311 quies,
437 1234 531 1310 primo
545 1254 612 1293 cum
625 1235 708 1294 testis
722 1235 813 1294 amori

190 1332 350 1391 Adiuercm
363 1333 468 1392 vestris
482 1333 613 1392 conscius
625 1333 659 1392 in
670 1334 815 1393 lacrimis!

153 1431 177 1488 0
190 1434 305 1489 noctem
315 1431 480 1490 meminisse
493 1431 566 1489 mihi
578 1432 706 1490 iucunda
718 1433 863 1508 voluptas,

191 1529 215 1587 Ο
231 1529 365 1605 quotiens
378 1530 455 1589 votis
467 1531 521 1589 illa
533 1532 662 1591 vocanda
674 1532 756 1604 meis,

153 1629 226 1686 Cum
239 1632 269 1686 te
283 1629 434 1704 complexa
446 1629 626 1704 morientem,
638 1630 731 1702 Galle,
747 1629 848 1706 puella
986 1635 1003 1687 5

191 1726 333 1802 Vidimus,
348 1730 378 1787 et
390 1729 478 1805 longe
490 1728 594 1786 ducere
607 1730 696 1788 verba
708 1727 806 1787 mora!

154 1825 292 1888 Quamvis
304 1826 435 1886 labentes
447 1830 593 1903 premeret
604 1827 678 1886 mihi
691 1847 807 1885 somnus
821 1827 926 1885 ocellos

193 1924 233 1982 nt
246 1924 348 1982 mediis
362 1925 440 1984 caelo
450 1925 535 1984 Luna
548 1927 667 1985 ruberet
680 1925 772 2002 equis,

154 2022 183 2079 N
184 2042 221 2080 on
233 2026 332 2081 tamen
346 2042 363 2081 a
375 2026 472 2082 vestro
488 2023 573 2099 potui
587 2024 718 2083 secedere
730 2024 817 2082 lusu:

193 2122 305 2180 Tantus
317 2120 351 2180 in
364 2121 484 2180 alternis
497 2121 617 2181 vocibus
630 2123 715 2181 ardor
728 2124 800 2182 erat.
968 2128 1003 2181 10
1062 2114 1067 2124 '

156 2221 212 2279 Sed
225 2221 363 2298 quoniam
374 2241 434 2279 non
447 2240 478 2279 es
490 2221 602 2280 veiitus
615 2222 785 2282 concredere
798 2222 890 2295 nobis,

194 2320 302 2396 Accipe
316 2319 482 2378 commissae
494 2339 615 2378 munera
628 2319 768 2379 laetitiae.

155 2418 223 2476 Non
236 2419 329 2476 solum
342 2421 453 2476 vestros
466 2418 554 2476 didici
567 2418 688 2478 reticere
702 2419 813 2477 dolores
824 2440 831 2476 :

195 2517 249 2575 Est
263 2516 400 2591 quiddam
413 2517 446 2575 in
458 2517 542 2576 nobis
554 2517 658 2590 maius,
674 2517 774 2589 amice,
789 2517 857 2576 fide.

156 2617 277 2674 Possum
290 2635 343 2690 ego
356 2616 465 2674 divc‘scs
477 2616 586 2675 iterum
600 2616 774 2690 coniungere
787 2618 918 2674 amantes
971 2621 1004 2672 15

195 2716 235 2774 nt
249 2715 380 2773 dominae
394 2716 491 2774 tardas
504 2735 621 2791 possum
635 2715 747 2791 apeiirc
760 2715 846 2788 fores,

156 2815 196 2872 Et
208 2834 324 2890 possum
337 2815 458 2873 alteiius
471 2834 555 2872 curas
569 2833 669 2872 sanare
681 2813 814 2888 recentis,

194 2914 257 2972 Nec
268 2913 342 2972 levis
355 2913 388 2972 in
400 2913 498 2973 verbis
512 2917 556 2972 est
568 2913 712 2972 medicina
724 2913 806 2972 meis.

156 3011 284 3089 Cynthia
296 3031 342 3070 me
356 3012 455 3071 docuit
468 3031 580 3088 semper
593 3031 667 3089 quae
681 3012 788 3088 cuique
800 3010 928 3087 petenda

196 3110 335 3186 Quaeque
349 3110 477 3170 cavenda
484 3111 598 3170 forent:
614 3131 673 3169 non
686 3111 762 3170 nihil
771 3111 833 3186 egit
841 3112 940 3169 Amor.
967 3115 1005 3168 20

156 3208 202 3265 Tu
216 3227 335 3267 cavens
348 3208 427 3267 tristi
441 3208 540 3284 cupias
552 3229 682 3286 pugnare
695 3209 819 3286 puellae,

197 3306 278 3366 Neve
292 3308 415 3383 superba
427 3307 518 3384 loqui,
532 3327 606 3368 neve
619 3311 716 3367 tacere
729 3307 799 3367 diu:
