2168 3720
114 222 150 274 34
302 217 520 276 rnornnnn
541 217 601 278 11.
625 218 668 291 11,
692 223 719 282 1.
743 217 770 277 1.

152 373 369 451 Nequitiaeque
383 395 451 434 suae
465 375 562 434 noluit
575 395 637 435 esse
650 377 747 436 rudes.
934 383 968 435 30

111 474 160 532 Ah
174 477 280 547 gemat,
296 474 328 531 in
341 474 428 532 terris
442 473 500 532 ista
513 474 566 551 qui
578 465 705 550 protulit
719 477 782 534 arte

156 571 246 645 Orgia
260 573 314 630 sub
328 572 421 630 tacita
434 571 553 631 condita
565 573 690 632 laetitia.

111 671 178 729 Non
191 671 257 729 istis
274 671 343 729 olim
357 672 511 731 variabant
524 674 604 731 tecta
616 673 740 748 figuris:

150 770 226 827 Tum
239 770 335 845 paries
348 770 431 828 nullo
446 771 566 829 crimine
579 771 677 847 pictus
690 775 762 831 erat.

55 899 59 906 ·
112 868 169 927 Sed
181 887 241 926 non
253 869 400 927 immerito
413 869 524 928 velavit
538 889 644 928 aranea
655 869 766 945 fanum,
931 877 964 930 35

150 968 191 1026 Et
203 968 280 1025 111111
292 968 420 1026 desertos
434 971 558 1044 occupat
570 969 661 1027 herba
674 969 752 1027 deos.

112 1066 190 1130 Quos
202 1066 296 1141 igitur
308 1066 365 1124 tibi
378 1066 519 1137 custodes,
537 1085 612 1142 quae
625 1066 729 1125 limina
741 1086 858 1143 ponam,

151 1166 232 1230 Quae
245 1184 405 1242 numquam
418 1185 506 1240 supra
518 1184 570 1241 pes
583 1165 807 1225 inimicuseat?

111 1265 187 1322 Nam
200 1264 276 1339 nihil
289 1263 400 1321 invitae
413 1262 507 1321 tristis
521 1264 653 1321 custodia
665 1264 803 1340 prodest:

151 1363 245 1427 Quam
258 1381 376 1439 peccare
389 1363 490 1438 pudet,
507 1361 644 1438 Cynthia,
660 1365 727 1421 tuta
740 1365 785 1422 sat
799 1367 854 1423 est.
931 1371 967 1423 40

111 1461 171 1518 Nos
184 1480 260 1519 uxor
273 1480 441 1536 numquam,
458 1479 619 1536 numquam
632 1479 679 1519 me
692 1461 781 1520 ducet
796 1463 906 1522 amica:

152 1559 271 1634 Semper
284 1559 376 1617 amica
389 1559 470 1631 mihi,
487 1578 601 1635 semper
614 1563 645 1618 et
657 1577 732 1618 uxor
746 1559 813 1619 eris.

517 1756 571 1797 vn.

113 1854 219 1915 Gavisa
233 1858 277 1914 est
291 1859 369 1914 certe
383 1856 528 1915 sublatam
542 1855 671 1932 Cynthia
684 1856 788 1931 legem,

152 1955 217 2019 Qua
230 1955 376 2031 quondam
389 1954 485 2014 edicta
489 1955 600 2031 flemus
613 1959 738 2033 uterque
752 1958 813 2028 diu,

110 2054 150 2112 Ni
164 2074 217 2112 nos
230 2053 382 2111 divideret.
400 2052 540 2116 Quamvis
554 2053 690 2112 diducere
704 2060 835 2116 amantes

152 2153 219 2211 Non
233 2156 323 2229 queat
335 2151 444 2210 invitos
459 2152 595 2228 Iuppiter
608 2153 671 2229 ipse
684 2155 766 2214 duos.

111 2252 154 2309 At
163 2271 285 2326 magnus
294 2251 406 2309 011111.
422 2250 479 2308 Sed
488 2270 610 2325 magnus
620 2251 878 2313 Caesarinarmis:
949 2261 966 2312 5

151 2350 291 2408 Devictae
305 2353 406 2424 gentes
420 2349 507 2407 niiin
521 2369 616 2408 amore
629 2351 739 2410 valent.

114 2449 144 2506 N
145 2469 190 2506 am
205 2449 291 2506 citius
302 2450 418 2523 patere'r
432 2452 521 2524 caput
533 2449 588 2507 hoc
602 2449 749 2509 discedere
763 2451 847 2527 collo,

153 2547 246 2611 Quam
261 2566 373 2622 possem
386 2550 496 2622 nuptae
509 2549 629 2623 perdere
643 2568 738 2607 amore
751 2549 839 2622 11111,

113 2647 176 2704 Aut
191 2665 243 2720 ego
256 2645 410 2704 transirem
423 2648 476 2704 tua
488 2645 591 2704 limina
604 2647 701 2705 clausa
714 2649 847 2721 maritus,

153 2744 322 2820 Respiciens
335 2743 400 2802 udis
413 2744 529 2819 prodita
540 2744 711 2803 luminibus.
933 2752 969 2806 10

114 2845 163 2902 Ah
176 2864 241 2903 mea
253 2847 317 2902 tum
331 2843 427 2920 qualis
441 2846 557 2901 caneret
570 2843 626 2902 tibi
639 2843 721 2912 tibia,
735 2864 858 2918 somnos,

154 2944 248 3015 Tibia,
262 2944 381 3002 funesta
394 2941 508 3000 tristior
520 2941 574 3000 illa
586 2942 675 3001 tuba!

114 3045 199 3103 Unde
212 3044 285 3101 mihi
297 3043 401 3120 patriis
413 3045 497 3100 natos
509 3043 646 3117 praebere
661 3042 841 3119 triumphis?

153 3144 262 3202 Nullus
276 3145 311 3202 de
324 3147 422 3202 nostro
437 3142 578 3216 sanguine
593 3141 677 3200 miles
691 3143 757 3203 erit.

114 3244 198 3308 Quod
212 3244 237 3300 si
250 3262 318 3301 vera
331 3262 411 3300 meae
426 3241 591 3299 comitarem
607 3244 702 3300 castra
714 3241 840 3318 puellae,
932 3249 967 3301 15

152 3342 181 3400 N
182 3361 218 3399 111
233 3341 305 3398 mihi
319 3344 363 3399 sat
376 3359 499 3415 magnus
513 3339 639 3398 Castoris
652 3340 710 3399 iret
723 3360 826 3418 equus.
