2168 3720
402 215 525 275 LIBER
545 217 599 275 IV.
878 217 930 275 lvii

119 377 146 431 8.
170 377 218 431 89.
240 374 289 432 Ita
302 373 341 431 N.
381 373 492 434 Modo
506 374 643 450 Scaliger.
685 375 714 433 N
715 395 766 434 um
778 396 784 435 :
810 376 884 447 Teia
902 381 932 433 ta

75 471 197 530 tibicina
209 491 280 532 orca

119 577 146 629 8.
169 575 218 629 41.
239 565 404 648 Moyaaa‘in
417 572 447 630 N
458 571 537 632 fuit:
560 573 610 632 sed
623 575 724 633 abrosa
737 577 781 633 est
794 594 883 646 marg.

119 674 146 727 8.
169 674 217 730 45.
238 671 351 729 oeoaado
365 670 403 742 N,
419 673 545 731 amadeo
559 672 592 731 H
604 673 711 748 vulgo;
730 673 873 731 secundom
887 674 931 732 ed.

76 769 201 827 fortasse
215 768 275 827 alii.

120 873 147 926 8.
171 871 219 925 54.
240 867 408 927 Pollaeront
421 868 460 928 N.

120 973 149 1025 8.
171 971 219 1025 58.
240 987 326 1044 aquas
346 968 384 1040 N,
406 968 448 1027 H.
494 989 565 1027 onas
585 969 768 1028 Perreianus.
811 988 895 1046 aqum
918 989 935 1026 a

77 1067 154 1125 falsa
170 1066 296 1126 lectione
309 1068 385 1144 iquos
400 1087 453 1144 pro
471 1087 575 1143 unques
594 1067 627 1126 in
646 1069 682 1127 57
702 1072 800 1127 ortum
812 1068 934 1126 fortasse

35 1187 38 1190 ·
80 1170 154 1226 erat.

121 1270 149 1322 8.
172 1269 220 1324 60.
242 1269 317 1323 noete
334 1264 404 1324 libri
415 1264 456 1324 H.
493 1285 553 1324 ooee
566 1264 755 1337 Passeratius,
772 1264 832 1323 alii.
867 1265 934 1323 Vox

78 1363 183 1422 insana
197 1362 340 1440 Cynthiae
353 1363 444 1422 iratae
458 1366 697 1422 commemoratur
712 1367 739 1423 8.
756 1368 784 1424 8.
799 1368 828 1424 2.

121 1468 151 1522 8.
174 1467 220 1522 68.
235 1463 320 1538 saroa
333 1462 372 1523 N.
388 1467 415 1521 8.
432 1468 459 1520 6.
477 1469 504 1521 9.

121 1567 151 1620 8.
173 1567 221 1619 69.
237 1566 400 1636 protractae
421 1562 459 1620 N.
495 1566 657 1636 prostratas
677 1562 758 1635 Itali,
780 1562 878 1622 nescio
898 1583 935 1622 an

80 1664 171 1720 reete.

121 1765 151 1817 8.
174 1759 221 1819 72.
245 1759 302 1820 oei
314 1760 394 1819 codd.
409 1759 523 1838 aliquot
535 1759 656 1819 fortasse
668 1764 757 1819 recte.

122 1864 152 1918 8.
174 1859 221 1919 78.
246 1859 333 1918 Sedet
346 1859 384 1920 N.
426 1858 505 1918 corr.
521 1857 691 1918 Palmerius.

123 1964 152 2016 8.
175 1963 222 2017 81.
244 1958 377 2035 leyemN.
419 1957 543 2035 leyeeH,
558 1958 658 2033 vulgo.

124 2063 153 2115 8.
176 2063 224 2116 84.
248 2058 448 2136 Suffieotpura
460 2057 499 2117 N.

124 2162 153 2215 8.
176 2161 223 2215 85.
246 2156 369 2217 acano
383 2156 421 2214 N.

126 2261 154 2314 8.
177 2259 224 2314 88.
245 2255 388 2330 Respondi
400 2255 438 2314 N.
479 2255 623 2330 Desponda'
635 2254 676 2313 H.
692 2274 758 2314 oum
772 2253 938 2314 Perreiano.

85 2353 129 2411 Et
142 2355 245 2430 moade
257 2353 408 2413 Heinsius.
450 2352 628 2412 Crediderim
642 2356 695 2412 aut
710 2353 837 2412 Aeaeada'
849 2355 901 2411 aut
915 2353 940 2410 si

87 2452 164 2521 ἁπὰξ
182 2455 329 2530 εἰρημένον
347 2452 529 2514 admittimus
541 2453 679 2512 Medendi
692 2452 850 2528 legendum
867 2471 938 2510 esse.

88 2553 133 2611 cf.
159 2557 188 2611 2.
212 2557 239 2611 4.
266 2557 320 2611 90:
344 2552 448 2611 scande
470 2552 576 2610 cubile.
625 2553 678 2611 Ov.
701 2551 782 2610 Fast.
808 2555 835 2608 2.
861 2554 938 2607 346:

87 2651 256 2724 Adscendit,
272 2652 440 2728 spondaque
455 2650 510 2710 sibi
523 2649 656 2727 propiore
668 2649 823 2709 recumbit.
956 2663 959 2670 ’

129 2757 156 2811 9.
180 2756 208 2809 8.
230 2755 257 2810 et
269 2751 306 2810 od
322 2752 405 2810 aiotoa
425 2750 464 2808 N.
505 2750 543 2808 ad
555 2754 657 2808 oeatroa
677 2749 722 2808 ed.
739 2748 821 2807 facili
845 2766 941 2805 emen-

88 2849 214 2909 datione.
255 2849 372 2909 Palote'o
394 2847 546 2908 vocativus
566 2851 619 2907 est.
661 2847 698 2906 ad
717 2847 825 2905 edoctos
848 2844 942 2903 Lach-

88 2969 222 3023 mannus,
237 2948 278 3007 H.
319 2953 346 3007 et
359 2949 488 3007 addaotoo
501 2948 537 3008 G.

131 3054 158 3107 9.
180 3053 208 3106 ὁ.
229 3067 333 3125 qaoque
345 3048 384 3106 N.
425 3066 530 3124 quoque
543 3045 584 3120 H,
600 3046 700 3120 vulgo.

131 3153 158 3206 9.
182 3152 209 3206 8.
229 3148 378 3207 Incolumis
392 3147 431 3207 N.

132 3252 159 3304 9.
180 3247 280 3306 Iaoalo
292 3247 322 3305 N
324 3291 330 3305 .

131 3350 159 3405 9.
183 3350 229 3405 10.
251 3365 327 3405 aoaoo
340 3345 370 3404 N
383 3344 461 3422 quod
475 3363 526 3403 cur
539 3342 571 3402 iu
582 3343 660 3418 socos
674 3360 741 3400 cum
758 3340 838 3400 codd.
853 3339 944 3400 iuter·
