2168 3720
281 211 500 279 PROPERTII
521 219 582 278 nL.
605 219 648 289 ΙΙ,
675 224 719 277 15.
745 223 790 276 16.
929 222 966 274 45

117 381 161 441 Sio
174 379 268 452 nobis,
286 378 338 456 qui
351 398 430 436 nuno
443 396 582 452 magnum
596 396 744 452 speramus
758 380 896 447 amantes,

151 479 289 538 Forsitan
301 478 436 537 includet
450 475 576 535 crastina
589 475 651 534 fata
665 474 736 534 dies.

513 665 575 704 m.

113 772 235 830 Praetor
248 772 285 830 ab
299 768 431 846 Illyricis
443 768 526 827 venit
538 767 632 838 modo,
650 765 778 843 Cynthia
791 768 887 839 terris,

152 869 286 928 Maxima
298 869 405 944 proedo
417 866 481 939 tibi,
498 865 625 924 maxims
639 884 708 924 oure
721 865 802 923 mihi.

113 969 182 1026 Non
194 967 295 1045 potnit
309 986 379 1024 sexo
393 966 486 1025 vitem
498 965 630 1042 posuisse
644 965 799 1023 Cerauno?

153 1068 211 1138 Ah,
229 1066 377 1142 Neptune,
392 1064 448 1123 tibi
463 1063 563 1141 qualis
576 1064 651 1122 done
663 1063 778 1123 darem!

113 1167 202 1225 Nune
217 1167 279 1224 sine
292 1185 339 1223 me
352 1165 441 1240 plena
453 1165 531 1223 fiunt
545 1163 679 1222 convivia
691 1183 799 1236 mensa,
951 1170 968 1221 5

153 1264 242 1323 Nune
256 1264 317 1323 sine
331 1283 378 1321 me
390 1266 455 1321 tote
467 1262 556 1320 ianus
568 1266 654 1321 noete
669 1265 761 1336 patet.

114 1363 220 1434 Quare,
238 1361 263 1446 si
277 1361 363 1437 sepis,
379 1361 491 1419 oblatos
504 1379 542 1418 ne
555 1360 654 1418 desere
669 1380 784 1432 messes,

153 1464 194 1522 nt
208 1461 348 1522 stolidum
360 1461 448 1536 pleno
461 1460 570 1519 vellere
585 1472 669 1536 carpe
683 1479 790 1536 peous:

113 1562 239 1635 Deinde,
250 1562 303 1622 nbi
317 1563 487 1636 consumpto
501 1560 624 1620 restabit
637 1580 757 1621 munere
770 1582 889 1640 pauper,

154 1663 211 1721 Dio
225 1661 418 1721 aliesiberum
430 1660 551 1735 naviget
565 1659 694 1737 Illyrias.
935 1669 970 1721 10

116 1762 246 1841 Cynthia
259 1781 317 1820 non
331 1760 466 1838 sequitur
477 1759 580 1831 fasces,
596 1778 649 1818 neo
664 1763 748 1819 curat
761 1762 902 1821 honores:

156 1863 276 1938 Semper
290 1864 452 1919 amatorum
464 1860 608 1935 ponderet
621 1879 681 1918 una
695 1860 786 1921 sinus.
809 1936 813 1944 .

115 1963 158 2020 At
171 1966 206 2019 tn
219 1979 298 2018 nuno
311 1963 419 2030 nostro,
436 1958 546 2030 Venus,
563 1978 580 2016 o
594 1978 730 2017 suoourre
744 1960 844 2032 dolori,

156 2061 287 2136 Rumpat
299 2062 335 2117 ut
348 2057 471 2116 assiduis
484 2059 614 2116 membre
626 2057 808 2116 libidinibus.

118 2161 195 2234 Ergo
208 2158 379 2218 muneribus
393 2158 491 2234 quivis
505 2160 652 2216 mereatur
665 2157 815 2215 amorem?
936 2162 970 2214 15

156 2257 302 2334 Iuppiter,
317 2256 440 2330 indigns
453 2277 548 2316 meroe
560 2258 663 2334 puella
675 2256 761 2333 perit.

119 2357 240 2433 Semper
251 2356 284 2414 in
298 2355 445 2414 Oceanum
458 2355 552 2414 mittit
564 2375 611 2414 me
625 2374 764 2431 quaerere
778 2375 913 2430 gemmas,

159 2457 198 2514 Eo
208 2455 292 2513 iubet
305 2473 343 2512 ex
356 2454 420 2529 ipso
433 2454 537 2512 tollere
550 2455 626 2512 dona
640 2454 726 2531 Tyro.
796 2462 798 2475 ²

118 2555 219 2630 Atque
233 2553 348 2612 utinam
362 2553 470 2611 Romae
484 2572 570 2611 nemo
584 2556 660 2612 esset
673 2553 762 2626 dives,
780 2553 885 2631 etipse

161 2651 325 2711 straminea
337 2655 436 2727 posset
449 2652 511 2709 dux
524 2652 657 2710 habitare
672 2652 752 2711 ossa!
936 2657 973 2708 20

119 2751 289 2826 Numquam
302 2750 420 2808 venales
434 2752 531 2808 essent
545 2750 582 2808 sd
594 2769 701 2808 munus
715 2750 832 2822 amisse,

159 2851 260 2926 Atque
272 2867 334 2905 nne
344 2848 430 2906 >fieret
443 2867 515 2905 eane
527 2848 627 2924 puelle
640 2849 733 2906 domo.

120 2948 283 3024 Numquam
297 2950 432 3024 septenes
445 2950 545 3006 noctes
560 2947 692 3006 seiuncta
706 2949 830 3018 subaros,

161 3046 290 3105 Candida
303 3050 364 3104 tam
377 3044 462 3104 foedo
475 3045 594 3104 brachio
606 3045 673 3104 fusa
686 3045 757 3116 viro,

121 3144 189 3202 Non
203 3145 272 3222 quis
284 3145 436 3220 peooarim,
452 3147 545 3202 testor
558 3147 597 3216 be,
614 3145 664 3202 sed
678 3145 747 3220 quia
760 3143 849 3218 vulgo
935 3150 972 3201 25

162 3243 307 3301 Formosis
320 3243 427 3302 levites
441 3261 553 3318 semper
567 3241 659 3300 amieo
671 3241 739 3300 fuit.

122 3343 269 3402 Barbarus
283 3342 409 3402 exoussis
423 3341 516 3417 agitat
530 3340 653 3416 vestigia
666 3341 781 3413 lumbis,
