2168 3720
453 209 578 268 LIBER
598 209 661 268 III.
883 211 981 269 xxxiii

162 367 190 423 7:
214 371 262 424 60.
285 367 523 443 troyae-ananus,
546 368 585 440 N,
601 368 642 426 H.
684 367 840 426 Iribrorum
861 368 980 445 scripto-

119 484 184 522 ram
195 465 336 524 intactam
344 466 461 544 reliqui.
503 467 617 542 Longas
627 486 730 525 manus
741 466 846 526 aetatis
859 467 981 544 puerilis

120 564 240 638 signum
249 584 312 624 esse
319 585 366 624 me
374 566 473 625 doonit
484 566 565 625 loeus
576 566 653 642 apud
665 569 812 624 auctorem
821 565 980 641 Anglieum

121 683 210 740 quern
224 663 294 722 olim
308 685 326 723 a
338 684 384 723 me
397 665 550 723 laudatum
562 679 621 722 no'n
633 665 726 740 pudet
738 665 786 723 hio
799 669 947 741 repetere:

163 768 183 794 “
194 763 285 832 Here,
301 784 333 822 as
347 763 425 822 Lord
438 764 556 823 Kendal
576 768 622 822 sat
643 783 681 821 on
700 765 753 822 the
772 763 904 840 hill-top,
926 766 979 823 the

119 863 219 921 whole
238 882 322 922 soene
341 883 420 922 earne
437 864 512 922 back
527 867 559 922 to
579 863 650 935 him,
667 883 698 921 as
716 862 742 921 it
757 863 816 920 had
832 867 885 921 not
903 864 978 922 done

118 959 167 1017 for
186 979 280 1036 years.
322 961 385 1020 The
404 961 546 1034 hill-side,
567 962 620 1020 the
637 981 709 1033 ravv,
726 960 817 1037 misty
833 960 907 1033 rain,
926 963 978 1019 tho

118 1079 188 1117 roar
197 1059 229 1117 oi
235 1060 287 1119 the
297 1060 423 1133 confliot,
433 1062 485 1119 the
495 1060 578 1138 boy’s
588 1060 690 1134 bright
700 1059 788 1130 ourls,
800 1059 848 1117 his
861 1060 977 1118 ourious

119 1157 254 1216 national
266 1159 354 1232 dress,
370 1159 417 1219 his
433 1159 502 1218 blue
521 1178 599 1236 eyes,
615 1159 659 1216 hia
673 1158 736 1234 lona
749 1158 832 1216 white
846 1157 933 1215 banda
946 1179 978 1216 as

117 1257 157 1314 he
172 1257 231 1314 had
244 1257 421 1317 uniastened
433 1259 484 1317 the
498 1277 576 1316 oross
589 1257 665 1315 from
678 1257 725 1314 bis
740 1256 823 1332 oap.’'
871 1254 974 1335 [Vara

117 1356 150 1413 Α
166 1355 263 1429 Norat,
279 1376 308 1432 p.
324 1355 409 1434 226]
673 1355 700 1414 7.
723 1359 770 1414 66.
793 1360 883 1414 tracta
897 1356 936 1414 N.

161 1455 189 1514 7.
212 1461 258 1514 68.
283 1457 376 1516 Natis
390 1457 428 1528 N,
443 1457 484 1515 H.
529 1456 613 1515 mat
624 1455 761 1515 Puoeius.

160 1561 188 1614 8.
213 1560 260 1614 ll.
279 1558 398 1632 qraaida
409 1555 488 1614 libri.
531 1556 611 1614 Corr.
627 1556 765 1642 Soaliger.

160 1661 188 1712 8.
213 1659 258 1712 13.
280 1675 307 1712 ae
320 1655 357 1713 N.
399 1674 447 1713 aaa
466 1655 681 1724 Lachmannus,
702 1655 780 1730 quod
800 1654 914 1730 recepit
929 1655 971 1727 H,

116 1758 154 1812 ut
168 1752 292 1813 referret
304 1758 410 1812 aarum
423 1753 460 1811 ad
473 1752 578 1824 virum,
595 1773 612 1810 a
626 1752 783 1828 suspiciosa
796 1754 896 1828 puella
910 1774 974 1812 ous-

115 1854 236 1912 todibna
250 1857 393 1930 saeptum.
426 1851 506 1910 Mihi
520 1852 608 1926 longe
622 1853 683 1910 alia
693 1851 813 1911 videtur
826 1855 975 1912 sententia

115 1955 229 2028 poetae,
250 1955 283 2010 et
300 1971 327 2009 aa
346 1951 468 2010 retineo.
510 1951 634 2010 Femina
654 1970 755 2009 amans
774 1952 807 2008 in
828 1953 973 2010 contraria

115 2050 198 2108 ruit:
221 2051 305 2109 modo
318 2069 378 2108 non
391 2048 449 2107 nisi
468 2050 621 2108 custodum
635 2049 771 2124 gregibus
786 2049 895 2125 stipata
907 2070 972 2126 pro-

115 2149 204 2222 cedit,
220 2153 256 2208 ut
268 2150 378 2208 fastum
399 2149 518 2208 simulet
538 2153 569 2208 et
586 2149 692 2207 inoitet
706 2151 868 2206 amantem:
887 2150 972 2206 modo

115 2249 196 2306 omni
210 2248 395 2308 simulatione
408 2249 513 2325 posita,
531 2249 652 2307 Maenas
666 2251 702 2306 ut
715 2247 774 2304 ieta
787 2246 849 2304 vias
862 2248 971 2307 medias

115 2348 179 2405 sola
192 2347 335 2424 sequitur,
350 2351 471 2423 totaque
485 2347 587 2405 furens
601 2347 759 2405 baechatur
772 2345 804 2402 in
817 2346 900 2404 urbe.

158 2452 185 2503 8.
210 2452 255 2506 19.
277 2448 403 2522 intimato
417 2448 455 2505 N.

158 2551 184 2602 8.
207 2547 255 2605 27.
277 2565 354 2622 quom
367 2546 405 2620 N,
427 2566 510 2622 qoam
524 2546 605 2604 Itali.
621 2545 661 2602 H.
678 2546 725 2602 eui
736 2546 781 2605 ed.

158 2649 185 2704 8.
208 2649 255 2704 29.
274 2650 359 2720 arata
371 2644 449 2716 libri,
465 2645 543 2720 quod
555 2644 698 2703 revocavi.
745 2646 835 2706 Graia
854 2649 966 2707 Palme-

113 2742 186 2816 rius,
201 2744 241 2815 H,
257 2743 355 2816 vulgo.
405 2744 495 2801 Grata
509 2742 545 2801 ad
555 2743 661 2818 anatolia
673 2762 732 2801 non
749 2745 786 2802 ad
800 2765 878 2804 arma
890 2746 936 2805 ref
954 2783 965 2792 -

112 2842 247 2901 rendum.

157 2947 183 3000 8.
207 2944 254 3003 37.
277 2943 393 3000 taediali
403 2940 481 3000 libri.
510 2941 576 2999 Nisi
584 2941 737 2999 Diomedes
752 2947 780 3000 et
792 2944 965 3003 Prisciamus

113 3043 222 3100 meisa·
240 3041 443 3112 servavissent,
466 3040 556 3098 tardis
577 3045 626 3098 tua
647 3040 839 3099 coniecissem.
889 3045 964 3102 Nam

115 3141 224 3199 tendere
236 3142 310 3200 retia
330 3139 488 3217 Cynthiam
501 3137 574 3198 dioit
585 3139 753 3214 Propertius
774 3144 801 3198 2.
819 3145 866 3198 32.
881 3147 928 3200 20.

155 3247 182 3301 8.
205 3247 252 3299 40.
274 3241 398 3318 ‹affenaam
411 3241 450 3299 N.

155 3346 181 3399 9.
205 3340 232 3400 7.
260 3341 359 3400 Omnia
372 3341 411 3401 N.
452 3341 544 3399 omnia
558 3343 626 3399 oett.
668 3340 749 3398 Illud
770 3343 861 3400 omnia
873 3363 966 3403 rerum
1049 3421 1052 3425 1
