2168 3720
324 205 543 264 PROPERTII
563 206 623 264 EL.
645 208 707 279 III,
727 213 772 266 ll.
933 216 971 267 89

167 363 207 421 Et
220 363 329 424 totiens
342 367 440 422 nostro
453 363 585 439 Memphi
599 369 720 424 cruenta
732 367 818 438 malo,

122 463 194 522 Tres
207 463 259 521 ubi
273 464 409 539 Pompeio
422 464 553 523 detra'xit
565 465 675 523 harena
687 464 869 542 triumphos!
934 473 970 525 35

159 563 258 621 Tollet
271 563 356 621 nulla
368 563 431 622 dies
443 564 520 621 hanc
533 563 597 634 tibi,
614 564 716 637 Roma,
731 569 841 624 notam.

123 663 222 722 lssent
234 663 395 738 Phlegraeo
408 663 514 722 melius
526 663 582 722 tibi
595 663 699 721 funera
714 684 823 740 campo,

157 762 215 820 Vel
228 765 281 820 tua
294 761 321 820 si
334 781 431 820 socero
445 761 521 820 colla
534 762 656 820 daturus
670 782 743 822 eras.

120 861 239 922 Scilicet
252 861 357 921 incesti
369 861 510 920 meretrix
523 861 625 935 regina
639 862 758 939 Canopi,

158 961 225 1020 Una
237 960 392 1037 Philippeo
406 960 547 1035 sanguine
561 961 665 1020 adusta
677 966 756 1033 nota,
930 969 968 1022 40

118 1060 201 1118 Ausa
213 1060 280 1118 Iovi
292 1063 392 1119 nostro
405 1061 562 1119 latrantem
576 1079 720 1136 opponere
732 1061 861 1133 Anubin,

157 1160 197 1218 Et
210 1158 339 1218 Tiberim
352 1158 416 1216 Nili
430 1178 531 1233 cogere
544 1159 622 1217 ferre
635 1158 737 1230 minas,
853 1236 855 1240 Α

10 1244 11 1255 ’
117 1256 335 1334 Romanamque
347 1258 449 1315 tubam
463 1257 619 1333 crepitanti
632 1257 741 1332 pellere
755 1257 848 1329 sistro,

159 1355 280 1414 Baridos
295 1359 325 1414 et
339 1355 432 1413 contis
444 1358 537 1413 rostra
550 1355 682 1412 Liburna
696 1355 788 1431 sequi,

122 1453 278 1531 Foedaque
291 1453 415 1530 Tarpeio
429 1453 549 1529 conopia
561 1454 682 1512 tendere
696 1474 775 1526 saxo,
929 1461 966 1514 45

158 1554 230 1611 Iura
243 1554 326 1611 dares
340 1556 452 1611 statuas
464 1553 542 1611 inter
555 1557 586 1611 et
599 1572 679 1611 arma
692 1553 791 1611 Mari?

120 1651 199 1716 Quid
211 1670 290 1710 nunc
300 1651 454 1728 Tarquinii
465 1651 574 1710 fractas
587 1651 671 1710 iuvat
684 1671 745 1710 esse
759 1672 881 1726 secures,

157 1748 283 1808 Nomine
297 1769 379 1826 quem
392 1749 480 1808 simili
493 1749 555 1809 vita
566 1752 690 1826 superba
701 1754 794 1823 notat,

120 1847 152 1906 Si
165 1847 272 1906 mulier
284 1848 421 1924 patienda
433 1847 515 1906 ruit?
535 1867 614 1924 cape,
630 1849 732 1920 Roma,
747 1850 940 1926 triumphum,

157 1947 197 2005 Et
210 1946 331 2021 longum
343 1949 480 2021 Augusto
494 1946 574 2004 salva
586 1966 704 2022 precare
717 1947 803 2006 diem.
929 1954 966 2007 50

118 2047 234 2121 Fugisti
247 2051 346 2106 tamen
355 2046 388 2104 in
400 2046 497 2105 timidi
506 2066 579 2122 vaya
592 2047 714 2105 flumina
727 2047 807 2107 Nili:
875 2051 877 2055 ’

156 2146 302 2222 Accepere
315 2148 384 2204 tuae
398 2144 524 2203 Romula
536 2144 634 2203 vincla
646 2165 759 2204 manus.

118 2243 243 2301 Brachia
256 2244 385 2320 spectavi
399 2242 487 2302 sacris
500 2243 632 2300 admorsa
645 2244 780 2316 colubris,

157 2345 197 2403 Et
209 2345 326 2403 trahere
340 2343 486 2402 occultum
496 2343 625 2400 membra
639 2343 748 2419 soporis
754 2344 827 2410 iter.

119 2452 138 2480 “
148 2447 179 2504 N
179 2466 217 2505 on
229 2447 293 2522 hoc,
304 2446 405 2518 Roma,
420 2445 465 2503 ini
478 2448 562 2504 tanto
574 2444 631 2504 tibi
644 2445 708 2504 cive
721 2447 878 2521 verenda,”
928 2456 965 2508 55

157 2544 253 2616 Dixit,
272 2549 291 2577 “
300 2548 331 2603 et
344 2545 459 2603 assiduo
473 2543 578 2618 lingua
592 2544 707 2620 sepulta
720 2546 829 2605 mer0.''

119 2643 237 2720 Septem
250 2643 320 2701 urbs
333 2643 394 2701 alta
406 2641 493 2717 iugis,
509 2643 570 2700 tou·
582 2662 658 2719 quae
670 2645 818 2719 praesidet
830 2647 902 2720 orbi,

157 2740 299 2800 Femineae
313 2742 407 2799 timuit
421 2741 523 2799 territo
535 2740 630 2799 Marte
642 2743 740 2800 minas.

70 2857 106 2902 (5)
118 2839 205 2899 Nunc
219 2841 271 2899 ubi
285 2839 436 2916 Scipiadae
450 2838 576 2897 classes?
596 2840 649 2898 ubi
663 2841 746 2915 signa
759 2842 898 2901 Camilli?

157 2940 221 2998 Aut
233 2940 317 2998 modo
330 2939 468 3016 Pompeia
481 2939 640 3015 Bosphoro,
657 2943 742 3015 capta
756 2941 867 3000 manu?
928 2947 965 3000 60

69 3044 106 3087 (⁸⁸)
118 3038 295 3098 Hannibalis
308 3038 399 3115 spolia
413 3041 443 3097 et
455 3037 528 3097 victi
541 3037 720 3095 monimenta
734 3036 884 3115 Syphacis,

157 3139 197 3197 nt
209 3137 318 3216 Pyrrhi
331 3139 367 3197 ad
380 3141 493 3196 nostros
507 3136 600 3212 gloria
612 3136 707 3195 fracta
720 3137 830 3212 pedes?

117 3237 237 3297 Curtius
250 3237 377 3313 expletis
391 3237 496 3297 statuit
508 3235 686 3295 monimenta
698 3236 819 3306 lacunis,

158 3335 291 3396 Admisso
304 3334 412 3395 Decius
425 3335 535 3411 praelia
548 3334 632 3410 rupit
645 3352 729 3410 equo,

528 3432 548 3473 a
