2168 3720
295 209 514 268 PROPERTII
534 209 594 269 EL.
616 210 679 283 III,
705 213 750 269 15.
911 216 947 268 95

496 461 545 499 XV.

96 579 144 638 Sic
159 598 212 654 ego
225 598 284 637 non
297 580 374 638 ullos
387 580 445 638 iam
458 580 553 639 norim
566 581 599 638 in
612 601 707 639 amora
720 583 875 655 tumultus,

134 678 197 737 Nec
210 678 310 737 veniat
324 678 386 737 sine
399 682 430 737 11
443 699 503 737 nox
516 679 666 754 vigilanda
678 680 768 738 mihi:

94 776 137 834 Ut
150 775 223 834 mihi
235 775 383 853 praetexti
396 777 489 853 pudor
503 781 548 836 est
560 778 676 836 velatus
689 778 819 849 amiotus,

134 875 175 933 Et
188 875 257 933 data
268 874 389 933 libertas
402 894 520 933 noscere
534 875 638 934 amoris
651 876 717 949 iter,

94 974 154 1031 Illa
166 973 254 1034 rudes
267 973 377 1031 animos
389 992 442 1048 per
454 978 555 1033 noctes
569 974 682 1034 conscia
694 974 802 1051 primas
929 981 945 1032 5

32 1096 37 1107 ¹
134 1072 239 1130 Inbuit
251 1073 309 1131 heu
322 1072 414 1131 nullis
428 1077 513 1149 capta
526 1072 659 1150 Lycinna
672 1073 757 1132 datis.

94 1170 220 1244 Tertius,
237 1171 309 1229 taut
321 1171 415 1229 multo
429 1171 526 1230 minus
540 1174 594 1244 est,
611 1190 676 1229 cum
690 1171 808 1229 ducitur
821 1189 913 1229 annus

133 1268 195 1326 Vix
208 1268 327 1327 memini
339 1269 424 1327 nobis
436 1271 525 1328 verba
538 1269 627 1328 coisse
641 1269 749 1328 decem.

94 1366 209 1426 Cuncta
221 1370 292 1425 tuus
306 1367 441 1443 sepelivit
454 1387 541 1439 amor,
557 1387 611 1427 nac
624 1367 733 1426 femina
745 1369 812 1443 post
824 1369 856 1426 te

133 1467 204 1524 Ulla
217 1465 298 1524 dedit
311 1466 385 1524 collo
399 1467 497 1525 dulcia
509 1465 607 1526 vincla
619 1485 693 1525 meo.
911 1471 946 1523 10

45 1573 83 1615 (⁴³)
94 1565 136 1623 At
149 1568 185 1622 tu
197 1584 256 1623 non
269 1563 403 1623 meritam
416 1584 517 1641 parcas
530 1585 636 1624 vexare
650 1564 830 1642 Lycinnam:

45 1666 83 1708 (⁴⁴)
134 1664 236 1722 Nescit
249 1667 347 1723 vestra
359 1683 447 1722 ruens
460 1664 505 1722 ira
517 1664 626 1723 1111111
639 1665 750 1740 pedem.

95 1763 190 1822 Testis
205 1762 360 1823 1111111111
374 1767 435 1824 tam
448 1782 516 1824 vcro
531 1763 651 1822 crimine
665 1782 758 1835 saeva,

134 1862 264 1939 Nycteos
276 1861 426 1939 Antiopen
440 1863 607 1921 accubuisse
620 1862 709 1939 Lyco.

94 1960 144 2017 Ah
157 1961 292 2037 quotiens
305 1957 442 2037 pulchros
455 1960 530 2020 ussit
542 1960 644 2036 regina
657 1960 785 2036 capillos,
911 1963 945 2015 15

133 2060 294 2137 Molliaque
307 2060 425 2120 inmites
438 2061 505 2119 fixit
517 2061 549 2118 in
564 2080 614 2119 ora
625 2059 747 2118 manus!

94 2161 143 2218 Ah
157 2160 292 2237 quotiens
304 2160 445 2219 famulam
457 2160 556 2237 peusis
569 2159 701 2218 oneravit
713 2157 831 2235 iniquis,

133 2258 174 2317 Et
187 2261 275 2334 caput
287 2258 320 2317 in
332 2259 406 2317 dura
417 2277 524 2334 ponere
536 2257 624 2316 iussit
636 2255 741 2316 humo!

95 2359 187 2434 Saepo
199 2357 282 2416 illam
295 2357 454 2416 immundis
466 2377 552 2433 passa
565 2359 609 2416 est
621 2357 754 2415 habitare
767 2354 903 2427 tenebris,

133 2457 230 2516 Vilem
242 2456 357 2515 ieiunae
371 2475 455 2532 saepe
468 2454 589 2530 negavit
602 2453 726 2531 aquam!
907 2458 944 2511 20

94 2557 238 2632 Iuppiter,
253 2556 399 2633 Antiopae
412 2575 557 2632 nusquam
571 2554 715 2614 succussis
727 2555 848 2614 habenti

133 2654 189 2713 Tot
201 2654 299 2712 mala?
320 2654 478 2730 corrumpit
491 2654 564 2712 dura
578 2657 680 2712 catana
693 2673 805 2712 manus.

95 2755 126 2814 Si
140 2755 210 2814 deus
224 2775 263 2827 11,
279 2755 335 2814 tibi
347 2759 435 2830 turpe
447 2757 529 2812 tuam
544 2754 650 2813 servire
663 2753 801 2830 puellam.

132 2853 255 2912 Invocat
266 2852 395 2928 Antiopa
408 2871 496 2929 quem
508 2851 566 2910 nisi
578 2852 676 2912 vincta
689 2851 814 2911 Iovem?

94 2952 162 3011 Sola
171 2956 269 3011 tamen
280 2969 481 3028 quaecumque
491 2949 780 3027 aderantincorpore
789 2949 875 3022 vires,
905 2954 942 3006 25

132 3050 256 3124 Regulos
269 3049 395 3108 manicas
408 3047 491 3124 rupit
503 3051 628 3125 utraque
641 3068 738 3106 manu.

93 3148 167 3206 Inde
181 3148 363 3207 Cithaeronis
376 3146 479 3205 timido
492 3147 566 3223 pedo
580 3147 671 3206 currit
683 3147 715 3205 in
729 3167 816 3205 arces.

132 3246 201 3304 Nox
213 3249 286 3319 erat,
302 3249 334 3305 11
348 3265 444 3323 sparso
457 3245 543 3304 trista
557 3245 652 3305 cubile
666 3246 743 3319 gelu.

93 3345 184 3421 Saepe
198 3365 272 3421 vaga
285 3345 378 3422 Asopi
391 3344 489 3406 sonitu
502 3347 634 3422 permota
646 3344 766 3404 fluentis
