2168 3720
152 225 189 277 eo
325 219 543 299 1111111111
564 219 623 278 nn.
646 221 691 291 11,
714 219 761 278 27.
784 225 831 276 aa.

191 377 272 442 Quae
287 377 325 435 sit
339 378 425 435 stella
437 378 548 436 homini
562 378 708 437 commoda
722 396 855 454 quaeque
868 378 955 436 mala.

153 475 211 534 Seu
221 475 343 551 pedibus
351 476 475 534 Parthos
484 476 633 553 sequimur
644 496 694 534 seu
703 477 792 534 classe
803 475 968 546 Britannos
987 482 1003 532 5

191 574 232 632 Et
244 573 332 632 maris
346 576 376 632 et
389 577 484 633 terrae
498 595 582 633 caeca
594 574 703 650 pericla
716 574 781 632 viae
794 595 800 631 τ

152 674 265 731 Rursus
279 676 309 731 et
322 673 467 732 obiectum
480 673 559 731 fletis
574 677 662 749 caput
676 693 736 731 esse
750 673 891 745 tumultu,

192 773 266 830 Cum
278 772 396 830 Mavors
409 772 511 831 dubias
524 772 626 830 miscet
639 772 788 848 utrimque
801 791 924 830 manus:

152 872 306 930 Praeterea
319 870 451 929 domibus
464 871 608 929 flammam
622 870 812 946 domibusque
826 870 936 941 ruinas,

192 970 222 1027 N
222 989 259 1028 eu
272 970 396 1028 subeant
408 970 497 1028 labris
510 971 614 1045 pocula
627 970 711 1044 nigra
724 968 800 1028 tuis!
973 974 1004 1025 10

154 1069 240 1128 Solus
253 1088 352 1126 amans
364 1069 457 1140 novit,
474 1069 589 1145 quando
603 1069 752 1145 periturus
766 1070 796 1126 et
809 1088 826 1126 a
840 1087 899 1144 qua

193 1168 298 1238 Morte,
314 1186 409 1242 neque
422 1167 471 1224 hio
484 1167 593 1225 Boreae
606 1167 698 1225 flabra
710 1186 806 1243 neque
820 1186 900 1224 arma
909 1165 1004 1224 timot.

155 1267 219 1324 Iam
232 1265 303 1324 licet
319 1268 349 1324 et
363 1266 467 1343 Stygia
481 1266 579 1324 sedeat
594 1267 646 1324 sub
661 1266 802 1324 arundine
815 1284 924 1337 remex,

195 1363 301 1423 Cernat
314 1367 345 1422 et
357 1363 489 1423 infernae
502 1363 601 1423 tristia
613 1365 679 1422 vela
692 1364 777 1423 ratis:

157 1463 283 1522 simodo
298 1464 449 1522 clamantis
463 1463 642 1523 revocaverit
656 1483 727 1522 aura
739 1462 864 1539 puellae,
972 1469 1005 1520 15

195 1561 368 1621 Concessum
380 1563 464 1621 nulla
476 1563 541 1637 lege
554 1563 662 1622 redibit
674 1563 740 1623 iter.

526 1779 634 1820 XXVIII.

156 1878 300 1956 Iuppiter,
317 1878 437 1938 affectae
451 1879 570 1938 tandem
584 1879 718 1938 miserere
731 1881 867 1957 puellae:

196 1978 267 2035 Tam
280 1977 404 2037 formosa
416 1981 502 2037 tuum
514 1983 630 2037 mortua
644 1979 752 2038 crimen
765 1980 830 2038 erit.

156 2076 247 2135 Venit
260 2077 338 2135 enim
350 2082 475 2154 tempus,
492 2097 549 2154 quo
562 2078 689 2136 torridus
703 2082 817 2138 aestuat
830 2099 887 2150 aer,

196 2173 307 2250 Incipit
321 2178 351 2233 et
364 2174 437 2233 sicco
450 2174 563 2232 fervere
576 2177 654 2232 terra
667 2175 754 2233 Cane.

158 2272 214 2330 Sed
227 2276 360 2332 nontam
374 2273 482 2331 ardoris
491 2273 577 2348 eulpa
587 2276 631 2330 est
637 2292 732 2349 neque
743 2272 864 2332 crimina
872 2273 953 2344 caeli,
991 2279 1007 2329 5

198 2370 292 2436 Quam
304 2372 412 2431 totiens
426 2377 539 2432 sanctos
552 2393 611 2430 non
623 2373 759 2431 habuisse
772 2374 849 2431 deos.

157 2469 222 2527 Hoc
235 2470 333 2545 perdit
345 2471 471 2546 miseras,
486 2473 540 2529 hoc
553 2471 681 2548 perdidit
695 2475 762 2529 ante
775 2472 907 2547 puellas:

196 2568 346 2645 Quidquid
359 2568 499 2643 iurarent,
515 2575 623 2629 ventus
638 2572 667 2628 et
680 2570 760 2627 unda
773 2569 861 2646 rapit.

157 2667 236 2725 Num
247 2666 302 2726 sibi
316 2668 450 2726 collatam
463 2669 558 2727 doluit
571 2668 695 2727 Venus?
719 2669 772 2726 illa
785 2688 930 2745 peraeque

196 2769 269 2826 Prae
283 2789 313 2828 se
326 2768 458 2828 formosis
471 2769 615 2828 invidiosa
628 2770 681 2827 dea
695 2772 748 2828 est.
975 2774 1009 2826 10

157 2871 205 2928 An
219 2872 384 2947 contempta
397 2870 452 2929 tibi
465 2869 588 2928 Iunonis
600 2869 710 2946 templa
723 2870 870 2945 Pelasgae,

196 2970 323 3030 Palladis
337 2974 388 3030 aut
402 2971 500 3029 oculos
513 2989 583 3028 ausa
595 2989 701 3044 negare
715 2968 830 3027 bonos?

158 3068 285 3145 Semper,
300 3069 451 3143 formosae,
466 3088 526 3126 non
538 3068 630 3126 nostis
643 3087 761 3144 parcere
774 3067 887 3127 verbis:

195 3168 260 3226 Hoc
273 3168 329 3227 tibi
341 3168 444 3243 lingua
456 3187 571 3238 nocens,
586 3168 641 3224 hoc
654 3165 710 3226 tibi
723 3165 816 3224 forma
826 3166 917 3225 dedit.

157 3265 213 3325 Sed
225 3266 282 3326 tibi
294 3269 418 3327 vexatae
430 3286 483 3343 per
495 3267 591 3324 multa
602 3265 733 3342 pericula
746 3265 825 3324 ritae
973 3271 1007 3323 15

190 3367 335 3427 Extremo
348 3365 445 3428 veniet
462 3365 579 3426 mollior
591 3365 663 3424 hora
675 3364 731 3423 die.
