2168 3720
374 218 685 281 POSTSORIPTUM.
923 220 976 278 lxv

165 386 192 438 3.
216 381 242 438 7.
265 385 313 438 46.
334 380 392 440 Nil
410 380 460 438 aba·
484 381 571 438 chra
585 384 665 453 polea
686 382 754 437 ante
771 398 818 436 me
839 382 870 437 et
884 378 976 437 sian-

124 499 282 538 suuouissus
295 483 325 538 et
339 481 522 539 Possumus.

165 584 192 637 3.
214 584 263 640 21.
285 584 333 637 28.
356 579 453 638 munde
466 580 535 637 ante
548 597 595 636 me
611 575 700 636 ‘alii’

165 683 193 736 3.
217 682 264 736 24.
286 682 335 738 25.
357 681 453 736 coactus
467 676 545 754 quod
557 675 801 735 inHermathena
816 677 892 735 1873
907 697 975 734 ecn-

124 779 248 835 ieceram
261 775 404 852 placuisse
417 776 607 834 Hunmcmc
620 794 699 834 nunc
712 775 805 834 video.

165 880 193 933 4.
216 880 244 932 5.
267 879 315 934 20.
337 874 420 949 scrut
446 877 477 933 et
501 873 580 948 iahia
601 893 619 931 a
641 893 687 932 me
715 874 846 950 quinque
873 875 978 932 abhinc

125 973 211 1032 annis
231 976 345 1050 reperta
364 973 475 1049 publici
493 972 568 1031 iuris
589 975 658 1031 ante
678 991 724 1031 me
744 972 816 1031 fecit
836 972 977 1030 Rossauu-

124 1092 225 1131 emus.

165 1177 194 1229 4.
217 1176 244 1229 5.
267 1176 315 1231 61.
337 1169 649 1229 odoratam—Pacatum
670 1169 748 1247 quod
766 1169 915 1244 Postgatio
934 1175 977 1228 at·

124 1272 294 1343 tribueram,
313 1270 520 1329 Semcuusrus
533 1269 589 1328 sibi
602 1269 741 1329 vindicat.

166 1375 194 1429 4.
211 1369 239 1429 7.
256 1374 282 1427 5.
299 1388 409 1428 maweu
422 1369 588 1428 Lmuuiuu
602 1367 755 1428 coniecisse
765 1368 978 1444 nuncpu'mum

126 1471 220 1530 video.

166 1575 194 1627 4.
219 1574 264 1627 10.
289 1573 334 1627 18.
357 1587 469 1642 apcrco
483 1567 605 1624 Iacosus
618 1566 695 1627 Phil.
711 1571 739 1626 2.
756 1572 822 1624 454.

167 1668 251 1734 Quod
265 1668 290 1726 si
305 1671 422 1744 praeter
433 1667 506 1725 haec
524 1665 636 1743 aliquid
649 1665 723 1724 mihi
736 1666 846 1724 iniuste
860 1666 978 1740 adroga-

126 1769 220 1828 verim
232 1766 345 1826 invitus
358 1765 389 1824 id
401 1765 467 1824 leci.

166 1963 341 2024 Baehrensio
364 1962 490 2022 editione
507 1963 633 2038 pellecta
651 1965 711 2021 tres
735 1967 910 2040 quattuorve
927 1983 977 2038 pa-

127 2064 211 2139 ginas
223 2080 313 2122 navas
331 2060 538 2137 imprimendas
555 2060 664 2132 curavi,
680 2080 718 2119 ne
736 2062 809 2120 haec
823 2061 912 2120 editio
927 2061 979 2120 uli-

128 2166 200 2240 quot
212 2162 296 2221 bouis
308 2159 483 2220 lectionibus
496 2162 615 2218 careret.
656 2158 723 2218 Hae
737 2164 823 2218 sunt:

170 2266 196 2320 1.
219 2267 247 2320 8.
271 2264 317 2318 19.
346 2259 436 2318 Uim.
477 2258 527 2317 Ita
538 2257 735 2316 Baehiensius
749 2277 815 2316 cum
829 2258 866 2316 D.
881 2259 918 2317 V.

170 2364 195 2418 l.
220 2364 265 2417 13.
288 2363 336 2418 24.
358 2356 534 2416 ethereae.
550 2356 772 2431 Rossberghius.

168 2463 196 2516 2.
219 2462 267 2515 28.
289 2461 336 2514 29.
358 2457 446 2514 amaia
459 2455 600 2514 Heroides
613 2455 688 2514 ictor
700 2454 805 2515 Baehi.
817 2476 883 2514 cum
896 2457 979 2515 ΒΝ.

168 2562 196 2615 2.
219 2560 266 2615 31.
289 2560 317 2613 5.
339 2554 427 2613 Nunc
445 2553 567 2613 admitto
582 2553 705 2612 Phoebus
726 2573 792 2613 cum
805 2555 980 2614 Baehrensic

128 2657 160 2715 id
173 2654 346 2715 satisfecisse
361 2653 457 2712 seiam.

170 2760 197 2813 3.
219 2760 248 2813 2.
272 2757 318 2813 16.
339 2753 399 2813 Nec
418 2751 621 2824 Baehrensius,
637 2751 716 2828 quod
734 2771 827 2828 paene
844 2751 907 2828 ipse
921 2752 980 2811 edi·

128 2856 236 2914 (leram.

167 2953 262 3012 Valde
283 2951 484 3022 blandiuntur,
507 2952 538 3008 et
561 2952 645 3008 eraut
665 2948 754 3024 digna
777 2967 852 3024 quae
872 2949 981 3025 recipe-

128 3055 251 3111 rentur:

170 3156 197 3209 2.
223 3155 268 3209 15.
291 3154 338 3208 26.
360 3149 459 3208 VeUet
472 3147 519 3207 uti
533 3147 719 3226 (Baehrens.)

170 3255 198 3307 2.
223 3253 269 3309 16.
292 3249 340 3306 27.
363 3247 863 3323 exclusis-nobis-Ayrmannus.)

171 3353 198 3408 3.
223 3352 268 3406 13.
293 3353 320 3407 9.
342 3346 613 3407 clausas—mautas
627 3345 810 3424 (Baehrens.)
