2168 3720
110 233 167 285 126
323 224 545 283 PROPERTII
566 224 626 283 EL.
649 225 704 298 IV,
727 227 755 285 7.

106 389 148 443 nt
162 384 235 442 mihi
247 402 307 442 non
319 383 418 441 oculos
430 383 587 460 quisquam
599 382 770 445 inclamavit
782 387 882 446 euntis
899 409 906 446 :

146 485 246 543 lTnum
258 484 461 558 impetrassem
472 487 504 540 te
517 486 674 542 revocante
687 483 774 542 diem.

106 584 135 640 11
137 603 169 641 11
183 582 298 658 crepuit
310 582 380 638 fissa
391 601 439 638 me
451 586 572 656 propter
585 583 728 641 arundine
742 588 849 657 custos,
928 591 963 644 25

146 683 246 740 Laesit
258 685 289 740 et
302 680 449 739 obiectum
461 681 564 754 tegula
578 685 663 738 curta
676 686 776 758 caput.

105 780 242 857 Denique
256 779 324 856 quis
336 783 435 836 nostro
450 798 573 836 curvum
586 781 617 837 te
630 778 735 837 funere
749 780 835 853 vidit,

144 882 250 938 Atrum
262 879 331 955 quis
343 876 471 936 lacrimis
483 877 640 936 incaluisse
653 880 777 952 togam?

105 978 138 1036 si
151 979 250 1054 piguit
262 981 362 1052 portas
375 976 456 1034 ultra
468 977 633 1050 procedere,
649 982 681 1036 at
693 978 767 1036 illuc

145 1077 284 1135 iussisses
296 1076 408 1133 lectum
420 1075 532 1133 lentius
545 1075 588 1133 ire
601 1095 708 1134 meum.
926 1084 963 1136 30

106 1176 167 1234 Cur
178 1180 282 1233 ventos
295 1193 354 1231 non
367 1173 430 1249 ipse
442 1174 529 1247 rogis,
545 1173 670 1248 ingrate,
685 1175 814 1251 petisti?

146 1275 207 1333 Cur
218 1273 309 1332 nardo
322 1272 456 1330 flammae
469 1292 529 1329 non
542 1273 642 1330 oluere
655 1292 736 1331 meae
745 1274 759 1332 ?

105 1373 172 1431 Hoc
186 1374 276 1432 etiam
289 1391 377 1446 grave
390 1374 463 1442 erat,
479 1371 564 1429 nulla
576 1371 709 1430 mercede
721 1372 898 1449 hyacinthos

145 1472 261 1529 inicere
275 1474 306 1528 et
317 1468 413 1527 111111
426 1470 516 1527 busta
528 1469 610 1544 piare
624 1470 704 1528 cado.

104 1571 275 1648 Lygdamus
287 1574 401 1639 uratur,
417 1568 573 1626 candescat
586 1569 697 1627 lamina
710 1589 818 1629 vernae
831 1592 838 1629 :
925 1577 961 1630 35

146 1668 232 1727 Sensi
245 1686 307 1741 ego,
323 1686 391 1725 cum
404 1666 520 1724 insidiis
531 1667 643 1743 pallida
654 1668 726 1727 vina
738 1668 801 1728 bibi
813 1690 820 1727 :

104 1770 170 1826 Aut
182 1767 212 1824 N
213 1786 291 1824 omas
304 1784 424 1824 11111111
436 1764 523 1823 111111
536 1768 659 1823 versuta
671 1766 778 1825 salivas
790 1789 798 1825 ι

144 1866 232 1924 Dicet
244 1866 395 1923 damnatas
407 1864 495 1938 ignea
506 1868 585 1923 testa
598 1885 711 1924 manus.

105 1965 188 2030 Quae
201 1965 285 2023 modo
298 1983 351 2040 per
364 1964 439 2022 viles
451 1964 584 2039 inspecta
597 1968 642 2023 est
654 1966 775 2041 puplica
788 1971 897 2040 noctes,

144 2064 227 2123 Haec
240 2082 319 2121 nuno
334 2067 437 2120 aurata
450 2062 569 2139 cyclade
583 2062 681 2138 signat
693 2065 826 2136 humum,
874 2059 878 2072 ¹
924 2073 961 2126 40

105 2163 146 2221 Ε1
159 2164 293 2237 graviora
306 2161 443 2237 rependit
456 2160 567 2238 iniquis
580 2181 671 2237 pensa
685 2162 826 2238 quasillis,

144 2262 270 2320 Garrula
283 2261 407 2320 (1111111
421 2261 447 2319 si
460 2280 520 2337 qua
532 2261 633 2318 locuta
646 2280 711 2318 mea
724 2265 786 2319 est:

105 2359 271 2438 Nostraque
285 2362 363 2437 quod
374 2361 475 2418 Petale
488 2360 561 2418 tulit
575 2361 611 2418 ad
624 2360 804 2419 monimenta
817 2382 946 2437 coronas,

146 2461 259 2519 Codicis
271 2460 417 2518 immundi
431 2459 553 2518 vincula
566 2460 657 2517 sentit
671 2479 760 2519 anus:

106 2562 245 2620 Caeditur
258 2565 289 2619 et
302 2561 410 2634 Lalage
424 2561 510 2620 tortis
524 2580 665 2635 suspensa
678 2561 801 2636 capillis,
924 2571 961 2622 45

145 2662 202 2719 Per
214 2679 320 2717 nomen
334 2659 473 2735 quoniam
487 2663 533 2718 est
546 2679 616 2717 ausa
630 2679 732 2734 rogare
746 2680 854 2719 meum.

106 2761 147 2818 Te
161 2761 291 2834 patiente
305 2779 386 2818 meae
400 2759 539 2817 conflavit
552 2758 689 2832 imaginis
703 2778 816 2832 aurum,

145 2861 299 2918 Ardentem
313 2879 329 2916 e
342 2862 441 2916 nostro
455 2858 553 2915 dotem
566 2857 705 2915 habitura
718 2878 800 2932 rogo.

106 2959 174 3016 Non
187 2961 286 3016 tamen
298 2957 434 3027 insector,
451 2956 586 3032 quamvis
599 2976 737 3027 mereare,
754 2959 906 3035 Properti:

146 3057 247 3129 Longa
259 3074 324 3113 mea
336 3056 368 3113 in
379 3054 465 3111 libris
478 3073 569 3129 regna
582 3053 665 3112 fuere
679 3055 749 3115 tuis.
925 3066 963 3118 50

106 3157 177 3213 Iuro
191 3174 244 3228 ego
259 3154 398 3211 Fatorum
412 3151 489 3210 nulli
502 3153 664 3211 revolubile
679 3173 803 3227 carmen,

146 3256 394 3331 Tergeminusque
408 3253 487 3312 canis
502 3254 542 3312 111
556 3253 629 3311 mihi
643 3255 731 3313 molle
748 3260 839 3329 sonet,

138 3337 154 3414 e
169 3372 296 3413 servasse
309 3354 405 3412 fidem.
449 3353 481 3413 si
494 3353 574 3428 tollo,
591 3352 693 3428 vipera
706 3356 814 3414 nostris
