2168 3720
302 209 737 285 suessanumque.
914 215 944 267 11

95 369 126 428 N
126 388 159 428 ec
172 366 247 426 mihi
260 366 361 426 rivalis
375 369 469 427 certos
483 369 623 428 subducet
636 388 755 428 amores.
912 373 949 424 45

136 468 201 526 Ista
213 485 308 526 meam
320 465 399 525 norit
413 466 506 541 gloria
519 467 664 528 canitiem.

501 665 543 703 IX.

98 766 239 826 Dicebam
250 765 307 826 tibi
320 768 468 837 venturos,
482 766 591 839 irrisor,
607 787 726 840 amores,

139 864 201 924 Nec
214 865 271 924 tibi
283 868 425 941 perpetuo
438 865 531 924 libera
544 867 633 924 verba
645 864 727 924 iore:

99 965 175 1023 Ecce
187 963 264 1023 iaces
277 965 461 1041 supplexque
474 965 558 1023 venis
572 965 608 1023 ad
620 965 686 1024 iura
698 964 823 1041 puellae,

139 1065 180 1123 ut
191 1063 249 1123 tibi
260 1083 339 1122 nunc
352 1062 472 1139 quaevis
483 1062 608 1140 imperat
620 1067 719 1141 empta
730 1065 823 1122 modo.

101 1168 132 1227 N
132 1188 171 1227 on
184 1187 230 1226 me
244 1167 389 1226 Chaoniae
402 1167 523 1226 vincant
536 1168 568 1225 in
583 1187 678 1227 amore
692 1169 840 1227 columbae
934 1173 951 1224 5

139 1269 253 1340 Dicere,
269 1287 342 1344 quos
354 1267 475 1327 iuvenes
489 1274 621 1345 quaeque
634 1270 733 1345 puella
746 1270 852 1328 domet.

100 1369 152 1427 Me
164 1369 247 1426 dolor
259 1371 291 1427 et
302 1367 438 1427 lacrimae
452 1369 556 1427 merito
568 1368 663 1428 fecero
674 1369 819 1446 peritum:

140 1467 241 1543 Atque
252 1466 367 1525 utinam
379 1466 474 1543 posito
487 1466 568 1525 dicar
581 1486 677 1526 amore
689 1467 789 1527 rudis!

101 1565 181 1631 Quid
192 1565 249 1625 tibi
262 1584 341 1624 nunc
354 1565 458 1624 misero
471 1566 590 1642 prodest
602 1586 690 1640 grave
703 1566 798 1627 dicere
811 1586 926 1626 carmen

141 1664 205 1722 Aut
217 1663 412 1740 Amphioniae
424 1663 539 1722 moenia
551 1663 621 1723 flere
633 1664 740 1743 lyrae?
916 1669 950 1721 10

101 1762 173 1821 Plus
185 1761 218 1821 in
232 1782 327 1821 amore
340 1762 422 1821 valet
434 1761 602 1822 Mimnermi
614 1783 716 1823 versus
728 1763 856 1823 Homero
868 1785 875 1821 t

143 1860 278 1920 Carmina
290 1863 460 1920 mansuetus
473 1861 552 1920 lenia
565 1862 681 1938 quaerit
694 1864 794 1921 Amor.

104 1961 121 2019 I
137 1980 243 2038 quaeso
257 1963 287 2020 et
300 1960 394 2020 tristis
407 1961 480 2019 istos
493 1962 599 2037 depone
611 1961 735 2033 libellos,

143 2061 182 2119 Et
195 2080 265 2119 eane
279 2060 357 2137 quod
370 2059 490 2136 quaevis
503 2080 586 2118 nosse
599 2060 699 2135 puella
712 2060 794 2119 velit.

104 2159 183 2225 Quid
195 2158 220 2218 si
232 2178 292 2217 non
304 2163 380 2218 osset
391 2159 487 2218 facilis
498 2160 555 2218 tibi
568 2159 671 2235 copia?
691 2178 768 2218 nunc
782 2163 817 2219 tu
918 2164 952 2216 15

142 2258 269 2316 Insanus
281 2257 376 2315 medio
388 2258 509 2317 flumine
523 2257 639 2334 quaeris
652 2277 766 2334 aquam.

102 2356 235 2416 Necdum
248 2355 337 2416 etiam
348 2357 449 2433 palles,
464 2377 533 2418 vero
546 2377 599 2416 nea
611 2356 740 2431 tangeris
752 2356 815 2431 igni
827 2378 833 2414 :

77 2524 80 2534 Ι
142 2456 225 2515 Haec
239 2459 285 2514 eet
296 2456 415 2515 ventrrri
428 2457 522 2533 prima
530 2456 634 2515 favilla
646 2456 724 2515 mali.

103 2555 180 2614 Tum
192 2557 285 2632 magis
297 2556 450 2616 Armenias
463 2557 563 2635 cupies
575 2559 709 2618 accedere
721 2557 811 2633 tigres

144 2654 185 2713 Et
196 2654 290 2729 magis
302 2655 433 2715 infernae
446 2656 566 2716 vincula
577 2677 661 2715 nosse
674 2659 764 2728 rotae,
918 2659 955 2710 20

21 2795 22 2798 =
106 2750 200 2816 Quam
211 2752 298 2829 pueri
310 2753 419 2814 totiens
432 2774 531 2813 arcum
544 2755 651 2814 sentire
664 2755 800 2814 medullis

145 2851 184 2910 Et
197 2850 274 2909 nihil
285 2851 378 2910 iratae
390 2871 474 2928 posse
486 2870 593 2926 negare
605 2855 684 2912 tuae.

105 2949 136 3007 N
135 2949 215 3009 uHus
228 2951 320 3008 Amor
333 2950 470 3028 cuiquam
482 2950 583 3011 faciles
596 2952 640 3011 ita
651 2951 788 3028 praebuit
801 2952 869 3024 alas,

145 3049 188 3109 Ut
199 3069 259 3108 non
273 3048 386 3109 alterna
398 3049 536 3126 presserit
547 3050 599 3109 ille
612 3070 711 3108 manu.

106 3148 137 3206 N
137 3167 169 3207 eo
182 3151 213 3207 te
226 3147 363 3224 decipiat,
380 3149 458 3225 quod
468 3149 511 3208 sit
524 3149 594 3208 satis
605 3149 660 3207 illa
671 3150 789 3225 parata:
921 3151 957 3203 25

146 3246 252 3305 Acrius
264 3246 319 3304 illa
332 3245 420 3317 subit,
433 3246 567 3318 Pontice,
583 3246 608 3305 si
622 3265 681 3331 qua
692 3248 746 3305 tua
760 3249 822 3318 est;

108 3344 223 3422 Quippe
237 3344 289 3404 ubi
303 3364 363 3403 non
375 3345 464 3405 liceat
476 3364 585 3405 vacuos
600 3345 736 3403 seducere
750 3344 864 3416 ocellos,
