2168 3720
262 251 263 254 ,
301 191 520 251 PROPERTII
540 188 600 248 ΕΙ.
622 191 685 262 ΙΙΙ,
702 196 728 248 3.
745 196 772 248 4.
923 192 959 249 77

111 351 226 428 Quippe
241 353 390 409 coronatos
404 349 533 408 alienum
547 349 583 406 ad
595 348 686 406 limen
700 351 830 407 amantes

152 451 180 507 N
182 453 379 525 octuruaeque
393 467 478 506 canes
492 446 572 504 ebria
585 447 668 520 signa
680 446 776 520 fugae,

112 552 155 609 Ut
166 570 219 626 per
232 555 263 608 te
277 551 390 608 clausas
404 549 476 607 sciat
490 550 646 606 excantare
659 547 781 623 puellas,

152 649 211 714 Qui
223 651 304 708 volet
317 652 447 707 austeros
461 650 524 706 arte
536 646 625 704 ferire
638 645 746 704 viros.’'
870 645 873 653 '
925 653 962 704 50

112 749 197 807 Talia
210 748 348 824 Calliope,
363 747 551 824 lymphisque
565 766 583 804 a
595 746 679 804 fonte
691 745 793 823 petitis

153 851 211 908 Ora
224 850 375 908 Philetaea
387 852 486 907 nostra
499 849 608 923 rigavit
621 868 706 926 aqua.

521 1105 561 1143 IV.

116 1252 206 1308 Arma
218 1250 299 1309 Deus
312 1249 416 1308 Caesar
429 1248 505 1307 dites
518 1248 677 1306 meditatur
690 1249 727 1307 ad
740 1248 838 1321 Indos,

154 1350 193 1407 nt
205 1349 283 1407 freta
296 1347 458 1423 gemmiferi
470 1346 581 1404 findere
595 1346 685 1404 classe
698 1347 795 1406 maris.

115 1449 231 1522 Magna,
246 1447 312 1520 viri,
328 1466 445 1505 merces.
461 1449 546 1521 parat
559 1444 665 1502 ultima
677 1447 756 1503 terra
768 1445 932 1523 triumphos
945 1469 951 1505 :

155 1547 250 1620 Tigris
263 1551 294 1603 et
307 1546 472 1620 Euphrates
486 1545 539 1601 sub
553 1547 605 1602 tua
618 1543 683 1602 iura
696 1544 807 1604 fluent:

118 1647 197 1719 Sera,
214 1646 264 1704 sed
278 1645 416 1704 Ausoniis
429 1644 530 1702 veniet
541 1644 691 1718 provincia
703 1645 814 1720 virgis:
950 1653 966 1702 5

156 1745 337 1803 Adsuescent
350 1743 435 1802 Latio
449 1742 556 1800 Partha
569 1745 687 1818 tropaea
701 1745 775 1803 Iovi.

117 1845 164 1901 Ite
178 1843 266 1918 agite,
282 1845 420 1918 expertae
433 1841 511 1900 bello
525 1843 592 1900 date
605 1842 698 1902 lintea
711 1862 822 1919 prorae,

156 1943 196 2000 Et
209 1942 328 2000 solitum
342 1941 478 2015 armigeri
493 1941 591 1999 ducite
604 1961 711 2000 munus
725 1943 802 2019 equi.

118 2042 221 2099 Omina
233 2041 332 2100 fausta
345 2060 426 2098 cano.
469 2041 586 2099 Crassos
600 2041 769 2118 clademque
781 2041 879 2118 piate:

156 2140 204 2197 Ite
218 2144 248 2197 et
260 2139 408 2197 Romanae
422 2139 564 2197 consulite
577 2139 726 2197 historiae.
934 2146 968 2198 10

119 2238 197 2294 Mars
210 2240 295 2312 pater
308 2240 338 2295 et
352 2256 447 2296 sacrae
459 2237 563 2296 fataiia
575 2237 688 2295 lumina
700 2238 817 2310 Vestae,

157 2338 237 2394 Ante
249 2354 328 2393 meos
341 2335 439 2394 obitus
453 2336 500 2408 sit,
516 2355 625 2411 precor,
641 2335 694 2393 illa
707 2335 778 2409 dies,

120 2434 184 2498 Qua
197 2435 319 2506 videam,
337 2435 435 2510 spoliis
450 2439 567 2493 onerato
582 2434 712 2493 Caesaris
726 2455 791 2509 axe,

159 2534 205 2591 Ad
219 2534 302 2608 vulgi
315 2534 435 2609 plausus
449 2554 533 2611 saepe
546 2534 681 2593 resistere
695 2554 794 2612 equos,

119 2634 216 2707 Inque
230 2632 296 2690 sinu
310 2652 391 2691 carae
403 2633 494 2691 nixus
507 2638 637 2709 spectare
649 2633 767 2708 puellae
935 2641 969 2692 15

159 2729 312 2806 Incipiam,
329 2735 359 2789 at
372 2731 470 2790 titulis
484 2732 590 2807 oppida
603 2735 688 2807 capta
701 2727 806 2806 le'gam,

120 2830 190 2887 Tela
202 2829 315 2903 fugacis
329 2829 398 2905 equi
412 2833 441 2888 et
454 2831 581 2889 braccati
593 2831 698 2888 militis
711 2850 795 2889 arcus

159 2930 199 2987 Et
213 2930 314 2987 subter
327 2932 425 3004 captos
439 2949 519 2988 arma
532 2930 630 2989 sedere
644 2931 741 2988 duces.

121 3027 191 3102 Ipsa
203 3030 285 3086 tuam
299 3047 382 3086 serva
394 3028 513 3103 prolem,
529 3028 648 3087 Venus:
670 3029 725 3086 hoc
740 3027 822 3086 sitin
836 3047 949 3100 aevum,

160 3125 260 3184 Cernis
274 3126 310 3185 ab
324 3127 425 3184 Aenea
438 3128 517 3203 quod
530 3147 679 3203 superesse
693 3132 790 3202 caput.
933 3131 970 3183 20

122 3225 232 3282 Praeda
244 3224 284 3282 sit
296 3225 368 3282 haec
381 3224 450 3297 illis,
467 3245 591 3302 quorum
603 3244 735 3284 meruere
748 3225 877 3284 labores:

161 3325 207 3382 Mc'
220 3328 265 3384 sat
279 3324 336 3382 erit
349 3324 436 3382 Sacra
448 3325 588 3400 plaudere·
599 3345 683 3402 posse
696 3324 761 3386 Via.
