2168 3720
296 213 732 289 raornsrrruu.11,2o.
903 223 939 275 ea

88 375 148 434 Hic
162 377 233 446 erat,
249 373 328 432 huno
341 372 448 430 mulier
460 372 543 431 nobis
555 372 631 431 irata
643 374 781 433 locavit.’'

128 474 223 547 Dixit,
240 477 270 532 et
283 473 315 531 in
329 473 402 530 collo
416 471 474 530 iam
487 472 560 529 mihi
573 473 665 531 nodus
679 477 750 532 erat.
903 480 938 532 10
953 512 955 516 .

88 575 148 633 Hic
161 575 237 633 alter
248 573 332 632 iubet
344 572 377 630 in
390 572 517 630 medium
529 574 700 648 propellere,
718 577 748 632 at
761 574 852 633 alter:

131 679 149 706 ‘⁶
161 674 301 743 Intereat,
319 671 371 748 qui
384 691 437 728 nos
449 690 508 729 non
521 674 608 746 putat
621 691 682 731 esse
695 672 781 731 deos!

88 772 171 831 Haeo
184 774 215 830 te
228 790 288 828 non
301 770 438 828 meritum
451 772 528 828 totas
542 772 679 846 expectat
691 770 723 828 in
736 772 839 830 horas:

128 872 171 929 At
183 874 217 929 tu
231 869 327 927 nescio
342 888 414 944 quas
428 869 552 944 quaeris,
568 869 676 945 inepte,
691 870 772 931 forts.

89 970 171 1035 Quae
185 989 251 1028 cum
265 968 399 1027 Sidoniae
412 971 556 1026 nocturna
567 968 707 1043 ligamina
719 969 823 1028 mitrae
904 975 939 1027 15

130 1067 264 1138 Solvmit,
281 1070 369 1144 atque
383 1067 481 1125 oeulos
493 1068 617 1126 moverit
630 1069 682 1126 illa
696 1088 807 1142 graves,

89 1167 252 1224 Adflabunt
265 1165 321 1224 tibi
333 1185 393 1222 non
406 1166 538 1223 Arabum
551 1166 586 1223 de
601 1165 729 1240 gramine
743 1167 851 1238 odores,

130 1264 187 1323 Sed
201 1283 273 1340 quos
286 1263 348 1340 ipse
363 1263 423 1322 suis
436 1262 508 1322 iecit
521 1264 611 1322 Amor
623 1263 765 1323 manibus.

89 1362 204 1421 Parcite
217 1362 285 1433 iam,
300 1362 424 1421 iratres:
446 1362 505 1420 iam
519 1366 611 1420 certos
625 1363 747 1437 spondet
760 1383 878 1435 amores,

129 1462 170 1520 Et
182 1461 241 1519 iam
254 1461 291 1521 ad
303 1461 469 1520 mandatam
482 1461 616 1519 venimus
629 1481 695 1520 eece
708 1463 855 1521 domum.’'
902 1469 939 1521 20

89 1561 190 1637 Atque
203 1561 247 1619 its
260 1562 304 1618 mo'
315 1560 423 1618 iniecto
437 1561 578 1619 dixerunt
590 1581 691 1620 rursus
704 1566 812 1623 amictu
823 1585 830 1622 :

132 1664 152 1691 “
163 1659 181 1716 I
194 1678 282 1730 nunc,
298 1662 328 1716 et
341 1661 441 1717 noctes
454 1657 530 1716 disce
544 1679 660 1719 manere
674 1661 781 1720 domi.”

90 1758 178 1816 Mane
192 1759 264 1828 erat,
282 1760 312 1815 et
324 1755 414 1829 volui,
431 1756 456 1814 si
469 1757 529 1816 sola
543 1757 704 1834 quiesceret
716 1759 777 1832 illa,

130 1855 231 1914 Visere
243 1875 249 1914 :
272 1857 303 1914 at
315 1855 348 1913 in
360 1856 437 1914 lecto
452 1855 579 1933 Cynthia
593 1858 653 1916 sola
664 1857 733 1916 tuit.

91 1954 256 2031 Obstupui:
278 1974 337 2012 non
349 1954 403 2013 illa
416 1953 488 2012 mihi
500 1955 651 2013 formosior
664 1976 803 2033 umquam
903 1965 939 2016 25

130 2053 209 2124 Visa,
225 2072 320 2129 neque
334 2052 444 2111 ostrina
458 2072 523 2110 oum
536 2052 595 2111 fuit
607 2052 640 2110 in
652 2054 761 2126 tunica,

91 2152 160 2210 Ibat
174 2155 204 2210 et
216 2151 286 2208 hinc
300 2153 395 2209 castae
408 2168 558 2208 narratum
573 2150 683 2210 somnia
695 2152 811 2224 Vestae,

131 2251 198 2308 Neu
212 2249 268 2308 sibi
280 2269 354 2308 neve
368 2249 440 2307 mihi
454 2269 529 2325 quae
541 2249 674 2308 nocitura
687 2250 793 2310 forent.

92 2348 171 2406 Talis
183 2348 247 2406 visa
259 2348 332 2405 mihi
346 2367 443 2406 somno
457 2347 575 2406 dimissa
587 2349 697 2408 recenti
709 2372 715 2408 ι

130 2447 200 2505 Heu
214 2449 358 2522 quantum
371 2466 423 2522 per
437 2466 466 2505 se
480 2447 602 2505 candida
614 2447 708 2507 forma
720 2450 799 2510 valet
810 2450 817 2510 l
904 2457 939 2510 30

93 2550 112 2577 ‘⁶
125 2545 189 2629 Quo
203 2549 238 2603 tu
251 2544 414 2604 matutinus
423 2545 441 2574 ’'
457 2544 499 2604 ait
512 2547 706 2622 “speculator
719 2550 849 2609 amicae?

130 2644 180 2703 Me
194 2644 319 2703 similem
331 2645 436 2703 vestris
448 2644 576 2704 moribus
590 2665 651 2704 esse
663 2648 774 2723 putas?

91 2741 121 2799 N
122 2761 158 2799 on
173 2762 225 2816 ego
239 2744 300 2800 tam
313 2741 424 2800 facilis:
447 2745 492 2800 sat
506 2743 562 2801 erit
575 2744 648 2802 mihi
662 2746 795 2820 cognitus
808 2767 893 2819 uuus,

131 2841 187 2898 Vel
201 2845 236 2898 tu
249 2841 298 2899 vel
312 2841 336 2899 si
350 2841 415 2916 quis
428 2841 524 2900 verior
537 2862 597 2901 esse
610 2847 715 2919 potest.

90 2940 244 3015 apparent
257 2960 316 2998 non
328 2941 391 2998 ulla
404 2944 466 2999 toro
480 2942 604 3016 vestigia
616 2963 722 3018 presso,
903 2950 938 3001 35

132 3038 222 3112 Signa
235 3039 404 3115 voluptatis,
420 3059 474 3099 nec
487 3039 608 3100 iacuisse
622 3043 702 3101 duos.

92 3138 207 3213 Aspice,
224 3140 259 3195 ut
271 3137 304 3195 in
315 3141 378 3196 toto
391 3139 492 3196 nullus
505 3139 577 3196 mihi
591 3160 708 3216 corpore
723 3145 823 3216 surgat

131 3235 267 3312 Spiritus,
284 3237 405 3294 admisso
419 3241 506 3296 notus
520 3239 693 3297 adulterio.''

90 3334 186 3408 Dixit,
203 3339 233 3394 et
248 3335 379 3411 opposita
391 3336 555 3413 propellens
570 3339 649 3397 savia
663 3339 759 3399 dextra
