2168 3720
445 226 569 284 LIBER
590 227 616 286 Ι.
927 228 959 285 ix

100 383 365 442 uadimonium
385 387 518 442 nostrum
538 385 569 441 iu
590 384 799 455 Hermathena,
818 386 875 445 vol.
891 386 954 462 ip.

102 488 163 540 282
176 503 249 560 seqq.
291 484 350 541 Ille
364 483 478 542 confert
496 489 523 542 3.
540 489 567 541 9.
584 490 651 542 232.
667 490 723 543 24:
747 486 820 543 Cum
834 486 889 544 tibi
903 486 959 543 Ro·

102 601 191 640 mano
218 582 349 640 dominas
373 582 405 640 in
424 584 534 641 honore
555 603 676 642 snonnns
698 589 728 642 et
753 586 841 643 lioeat
866 585 960 643 medio

102 702 213 758 ponere
232 682 298 739 iura
310 700 390 738 nono.
424 682 499 757 focis
511 682 634 742 fortasse
648 685 747 760 paullo
767 685 872 742 melius
892 683 958 742 erit.

103 780 210 855 referre
223 783 300 854 roais,
315 781 481 854 Postgatus

144 884 171 936 6.
195 884 243 938 34.
259 898 318 953 por
331 880 386 937 eris
399 881 524 953 imperio,
537 881 577 939 H.
593 882 631 940 A.
648 881 674 937 I.
690 881 805 939 Munro.

147 980 175 1036 7.
200 983 246 1036 16.
273 979 351 1046 Quod
362 978 457 1036 aolla'm
470 985 577 1037 nostros
593 980 722 1037 eutolaasa
737 981 796 1038 deos
810 980 847 1037 N.
884 980 961 1048 Quod

104 1077 193 1135 nolim
206 1082 312 1136 metros
325 1078 454 1136 cartainse
467 1080 528 1136 deos
541 1079 582 1149 H,
598 1079 697 1152 vulg0,
713 1079 746 1136 L.
757 1079 901 1136 Muellero
915 1100 960 1137 re-

107 1180 269 1252 pugnante,
295 1177 347 1252 qui
370 1176 462 1235 edidit
489 1177 547 1244 Quo
568 1177 653 1234 nolim
676 1183 781 1236 nostros
804 1184 829 1235 ta
848 1176 961 1235 uiolasse

109 1277 180 1333 deos.
223 1275 281 1333 Sed
293 1275 347 1333 hoo
361 1276 531 1350 Propertius
549 1295 608 1333 non
621 1276 722 1334 nollet.
764 1277 872 1335 Scribit
886 1277 963 1334 enim

108 1375 146 1431 de
163 1373 281 1451 Lynceo
300 1378 327 1430 2.
344 1379 391 1431 34.
407 1378 455 1444 26,
479 1374 580 1432 Solum
595 1378 626 1432 te
645 1379 758 1432 nostros
779 1375 865 1432 laetor
884 1375 963 1432 adire

108 1473 186 1531 deos.
230 1472 339 1548 Scripsi
365 1473 451 1540 Quam
474 1472 569 1530 nolles.
611 1473 650 1530 In
670 1473 754 1531 libris
776 1473 883 1531 nostris
904 1494 964 1532 non

108 1592 175 1630 raro
199 1571 320 1629 contusa
340 1575 409 1630 sunt
436 1591 526 1648 quom,
549 1573 628 1648 qaod,
653 1581 707 1630 oet.
754 1573 829 1630 Tum
850 1573 874 1629 si
898 1573 964 1648 quis

108 1673 165 1730 hoo
191 1672 329 1729 volumen
358 1671 550 1748 perlustrabit
576 1671 688 1730 videbit
713 1692 728 1729 a
755 1676 783 1729 et
811 1673 825 1729 a·
850 1671 964 1746 saepius

50 1843 54 1846 Ι
109 1770 210 1828 locum
231 1769 310 1828 inter
332 1790 362 1828 se
384 1773 521 1828 mutare:
550 1769 675 1846 denique
698 1790 712 1826 s
733 1770 850 1827 finalem
874 1790 965 1845 paene

111 1872 234 1930 eandem
256 1872 379 1930 formam
400 1875 488 1948 atque
507 1891 534 1928 m
552 1872 708 1946 sumpsisse
726 1891 826 1929 omnes
845 1877 963 1930 norunt.

113 1971 190 2028 Tum
209 1970 261 2028 tau
279 1971 393 2030 salossa
412 1990 464 2046 pro
478 1971 607 2029 sudalam
626 1990 718 2046 paene
737 1971 821 2028 nulla
840 1971 965 2029 mutatio

112 2074 167 2128 est.
210 2069 395 2128 Oonieoeram
415 2069 523 2127 etiam:
547 2069 632 2134 Quod
650 2069 751 2141 nolim,
771 2073 886 2126 nostros
904 2069 963 2127 heu

113 2169 236 2228 violasse
249 2170 317 2228 deos
331 2169 426 2246 (stedia
446 2169 508 2227 soil.
524 2189 571 2227 ex.
590 2173 625 2228 18
640 2168 817 2243 subaudito).

153 2272 181 2325 8.
204 2268 231 2326 7.
246 2267 353 2342 fulcire
372 2269 471 2325 ruinas
490 2267 528 2339 N,
549 2266 590 2325 H.
639 2266 744 2324 amore
758 2268 881 2341 prataria
901 2268 964 2325 edd.

113 2369 186 2425 vett.
224 2365 347 2424 tortasse
360 2385 433 2424 auae
446 2367 488 2424 dra
495 2366 628 2440 pruinas,
641 2365 816 2423 Graecorum
830 2385 917 2436 more,
932 2371 968 2424 ut

113 2464 190 2522 iilud
202 2464 416 2541 Xenophontis,
439 2467 509 2523 ἰέναι
521 2463 574 2540 τὴν
588 2463 714 2540 ὀρεινήν;
730 2465 778 2522 vel
786 2465 883 2538 posita
895 2484 967 2522 auae
1038 2451 1041 2458 ¹

114 2565 158 2622 'ire
172 2565 283 2639 pruina
305 2564 342 2622 oi.
367 2569 395 2623 2.
421 2570 469 2623 30.
497 2569 556 2622 19:
580 2564 667 2622 ‘Num
689 2563 756 2636 iam,
782 2565 862 2635 dure,
884 2584 968 2639 paras

118 2664 262 2741 Phrygias
274 2683 348 2722 noar
360 2665 403 2722 o're
415 2683 469 2740 per
481 2663 596 2722 undas?

155 2767 184 2822 8.
208 2766 254 2819 13.
276 2762 319 2821 ita
328 2762 367 2820 N.
388 2763 421 2820 H
435 2782 501 2820 oum
514 2762 638 2820 Heinsio
658 2759 871 2820 tariotarum
891 2761 969 2835 quod

114 2861 232 2918 nullum
246 2880 362 2919 sensum
374 2863 503 2936 praebet.

158 2964 185 3016 8.
209 2964 255 3017 15.
271 2961 405 3045 patiatur·
418 2960 456 3032 N,
467 2961 596 3035 patietur
609 2959 650 3017 H.

158 3063 186 3117 8.
210 3064 256 3117 19.
270 3059 356 3134 foliot
374 3065 521 3134 praesecto
553 3059 673 3130 oodioes,
696 3062 868 3133 praesectam
886 3058 970 3133 felioc

118 3158 255 3229 Guietus,
271 3158 311 3215 H.
322 3160 360 3215 A.
376 3159 402 3216 I.
413 3159 529 3218 Munro.

159 3261 187 3313 8.
210 3260 257 3314 22.
279 3255 360 3315 aerbo
375 3256 496 3314 codices.
533 3275 598 3315 aero
608 3255 798 3327 Passeratius,
811 3253 968 3312 verissime.

129 3355 216 3415 Verba
242 3375 294 3432 pro
317 3376 381 3415 aero
403 3376 486 3432 saepe
514 3356 655 3416 exhibent
682 3356 796 3415 oodioes
813 3354 923 3426 uostui,
939 3357 981 3410 ut
