2168 3720
100 229 155 283 122
285 222 505 283 PROPERTII
525 223 585 280 EL.
607 222 661 288 IV.
685 227 712 279 5.
729 227 757 278 6.

139 383 291 459 Sputsque
304 382 471 458 perdentes
484 381 527 440 ire
541 383 662 439 cruenta
675 399 769 449 cavos,

97 485 197 558 Atque
210 481 336 539 animam
349 481 382 538 in
394 484 507 554 tegetes
519 483 637 556 putrem
651 478 786 555 expirare
796 482 945 555 paternas.

136 579 263 638 Horruit
275 580 387 654 algenti
399 579 523 655 pergula
537 584 620 636 curta
632 577 706 636 foco.
917 578 954 637 70

97 677 249 753 Exequiae
262 677 381 736 irrorent
392 676 452 735 rari
464 677 578 735 furt-iva
591 676 693 752 capilli

137 775 263 833 Vincula
276 778 307 834 ct
319 776 460 834 inmundo
473 774 583 851 pallida
597 775 685 832 mitra
700 774 770 846 situ,

96 874 137 933 Et
150 873 229 931 canis
241 874 274 931 in
286 878 401 933 nostros
413 874 501 932 nimis
514 877 684 949 experrecta
697 873 819 944 dolores,

137 972 212 1030 Curn
224 972 354 1031 fallenda
366 992 430 1031 meo
442 971 550 1048 pollice
564 971 656 1029 clatra
668 970 776 1029 forent.
860 988 863 992 “

99 1071 146 1129 sit
158 1071 292 1129 tumulus
304 1069 389 1129 lenae
403 1074 486 1128 curto
499 1074 586 1128 vetus
600 1070 738 1146 amphora
752 1069 845 1127 collo:
920 1069 956 1127 75

137 1169 250 1243 Urgent
262 1169 341 1228 huno
355 1188 444 1246 supra
456 1168 510 1244 vis,
526 1168 669 1245 caprifice,
685 1172 746 1226 tua.

99 1267 240 1344 Quisquis
253 1287 340 1337 amas,
356 1266 464 1325 scabris
476 1267 531 1325 hoc
544 1269 665 1326 bustum
679 1266 789 1325 caedite
802 1266 891 1338 saxis,

137 1369 294 1446 Mixtaque
308 1388 375 1427 cum
389 1369 468 1427 saxis
482 1367 580 1426 addite
593 1369 683 1427 verba
696 1368 782 1426 mala.

504 1637 545 1676 VI.

98 1775 186 1833 Sacra
197 1773 270 1834 facit
283 1779 383 1834 vates:
406 1775 467 1834 sint
480 1795 531 1835 ora
543 1775 676 1835 faventia
689 1775 787 1847 sacris,

137 1874 178 1933 Et
191 1875 276 1933 cadat
289 1878 358 1933 ante
371 1895 450 1934 meos
462 1875 524 1934 icta
535 1875 661 1935 iuvenca
673 1876 761 1934 iocos.

97 1973 170 2033 Cera
183 1973 337 2033 Philetaeis
351 1978 444 2033 certet
457 1974 588 2033 Romana
602 1975 757 2053 corymbis,

138 2075 178 2133 Et
193 2073 356 2151 Cyrenaeas
368 2093 444 2132 urna
457 2074 605 2133 ministret
618 2094 718 2150 aquas.

98 2173 218 2232 Costum
232 2174 320 2231 molle
334 2174 402 2231 date
416 2181 446 2232 et
459 2173 561 2232 blandi
574 2174 649 2232 mihi
662 2173 737 2232 turis
749 2174 882 2248 honoras,
937 2177 955 2230 5

136 2273 253 2350 Terque
265 2273 364 2331 iocum
378 2273 454 2331 circa
466 2275 570 2331 laneus
584 2274 662 2332 orbis
676 2278 733 2332 eat.

97 2372 234 2447 Spargite
247 2392 295 2430 me
308 2373 447 2448 lymphis,
464 2392 637 2449 carmenque
650 2371 818 2430 recentibus
832 2371 891 2428 aris

136 2469 222 2528 Tibia
235 2470 405 2546 Mygdoniis
418 2471 492 2530 libet
506 2472 617 2529 eburna
631 2470 718 2529 cadis.

96 2568 145 2626 Ite
159 2568 263 2643 procul
275 2567 403 2640 fraudes,
420 2569 477 2627 alio
492 2569 552 2628 sint
566 2589 631 2627 aera
644 2589 739 2627 noxae
752 2591 758 2626 :

136 2667 215 2725 Pura
227 2687 337 2726 novum
351 2669 415 2728 vati
428 2671 530 2728 laurea
543 2669 641 2727 mollit
652 2669 720 2726 iter.
921 2670 957 2724 10

96 2767 192 2839 Musa,
210 2767 340 2826 Palatini
353 2769 513 2828 referemus
525 2769 673 2845 Apollinis
687 2768 805 2827 aedem:

138 2866 197 2923 Res
212 2868 265 2937 est,
282 2866 421 2943 Calliope,
437 2868 527 2943 digna
539 2868 640 2927 lavore
654 2871 716 2926 tuo.

100 2964 230 3024 Caesaris
243 2965 276 3023 in
289 2986 396 3025 nomen
409 2967 559 3025 ducuntur
572 2966 719 3025 carmina:
743 2964 848 3023 Caesar

138 3063 219 3122 Dum
232 3064 357 3137 canitur,
374 3085 491 3142 quaeso,
507 3065 645 3141 Iuppiter
657 3065 721 3140 ipse
734 3082 828 3122 vaces.

94 3162 149 3220 Est
162 3162 273 3221 Phoebi
285 3163 402 3238 fugiens
416 3164 585 3222 Athamana
599 3165 636 3222 ad
648 3164 738 3222 litora
750 3165 861 3238 portus,
920 3164 956 3217 15

131 3260 197 3324 Qua
211 3260 291 3319 sinus
305 3262 406 3320 Ioniae
420 3281 569 3320 murmura
583 3261 682 3321 condit
696 3280 798 3337 aquae,

95 3357 186 3417 Actia
198 3359 302 3418 Iuleae
315 3361 438 3435 pelagus
451 3360 631 3421 monimenta
645 3360 769 3431 carinae,
