2168 3720
119 226 176 280 1³8
317 221 536 284 PROPERTII
555 225 616 285 En.
636 225 692 297 IV,
716 230 761 284 ll.

117 379 171 440 Sat
182 378 239 440 tibi
251 379 312 441 sint
324 385 433 456 nostes,
448 402 522 461 quas
534 384 571 442 de
583 402 639 457 me,
654 381 767 457 Paullo,
781 382 902 461 fatiges,

156 478 333 558 Somniaque
345 479 377 538 in
389 480 496 541 faeiem
509 481 619 542 eredita
631 501 717 559 saepe
729 502 835 543 meam.

114 578 216 656 Atque
228 578 281 637 ubi
294 582 404 638 seereto
416 583 516 638 nostra
528 580 566 638 ad
578 579 734 640 simulacre
741 581 883 660 loqueris,

153 678 198 738 Ut
208 698 397 755 responsurae
411 678 528 754 singula
539 680 629 739 verba
637 680 711 741 iaee.

115 777 174 837 Seu
187 781 287 837 tamen
299 779 454 838 adversum
465 779 589 839 mutarit
600 778 690 838 ianua
701 779 822 854 leetum,
928 786 967 840 85

154 877 270 937 §ederit
282 881 314 937 et
326 882 425 938 nostro
439 882 526 939 eauta
537 898 662 938 noverea
674 882 748 953 tero,

115 975 299 1052 Coniugium,
311 976 404 1053 pueri,
419 977 538 1037 landate
551 983 584 1038 et
594 978 672 1038 ferte
684 981 859 1054 paternum:

154 1075 246 1152 Capta
258 1077 340 1137 dabit
352 1077 459 1136 vestris
472 1076 601 1150 moribus
613 1077 667 1135 illa
679 1096 794 1138 manns.

115 1175 177 1235 Nee
190 1178 314 1235 matrem
325 1175 444 1236 laudate
455 1175 544 1235 nimis
555 1197 564 1235 τ
575 1175 701 1235 ‘eonlata
712 1175 804 1252 priori

152 1274 440 1334 Vertetinoffensas
451 1275 545 1334 libere
557 1276 647 1335 verba
660 1293 737 1333 suas.
927 1280 967 1334 90

114 1371 173 1432 Seu
186 1392 296 1432 memor
307 1373 360 1432 ille
372 1392 437 1433 mea
449 1375 605 1432 contentus
616 1371 757 1432 manserit
768 1373 874 1433 umbra

154 1475 195 1533 Et
206 1474 284 1534 tanti
298 1474 409 1534 eineres
421 1473 542 1534 duxerit
553 1493 616 1533 esse
628 1492 715 1549 meos,

113 1573 224 1634 Discite
237 1577 393 1634 venturam
404 1573 464 1633 iam
475 1593 555 1633 nune
567 1573 676 1632 sentire
689 1575 846 1647 sensatam,

153 1672 278 1734 (laelibis
291 1674 329 1732 ad
341 1693 425 1733 enras
436 1691 492 1732 nee
504 1675 588 1732 vacet
600 1673 663 1731 ulla
675 1671 734 1732 via.

113 1771 449 1838 Quodmihidetraetnm
457 1775 512 1845 est,
517 1771 796 1832 vestroseeeedatad
803 1789 909 1830 annos:
926 1776 964 1830 95

152 1871 238 1931 Prole
250 1892 316 1931 mea
327 1872 465 1931 Paullum
478 1871 520 1931 sie
529 1871 613 1931 iuvet
622 1890 685 1930 esse
698 1889 807 1930 senem.

113 1971 154 2031 nt
166 1973 240 2030 bene
252 1972 360 2030 habet:
381 1988 541 2047 numquam
554 1972 648 2029 mater
659 1968 798 2045 lugubria
810 1970 940 2046 sumpsi:

152 2069 243 2130 Venit
255 2070 288 2128 in
300 2067 440 2146 exequias
452 2071 516 2128 tatu
529 2071 645 2128 eaterva
656 2086 745 2127 mens.

113 2170 207 2230 (lausa
218 2172 352 2248 perorata
364 2171 419 2228 est.
438 2167 543 2228 flentes
555 2187 602 2226 me
615 2166 726 2242 surgite
738 2168 839 2239 testes,

151 2269 231 2328 Dum
243 2268 370 2345 pretium
383 2267 463 2327 vitae
475 2270 559 2342 grata
570 2266 705 2343 rependit
716 2267 834 2325 humus.
906 2268 962 2323 100

112 2367 244 2426 Moribus
257 2370 288 2427 et
300 2367 414 2426 eaelum
425 2365 541 2442 patuit:
563 2364 618 2424 sim
630 2365 720 2440 digna
731 2363 875 2437 merendo,

152 2468 242 2528 (luins
254 2463 404 2529 honoratis
417 2487 480 2527 ossa
492 2466 638 2528 vehantur
650 2465 744 2546 aquis.
