<?xml version="1.0" encoding="UTF-8"?>
<!DOCTYPE html PUBLIC "-//W3C//DTD XHTML 1.0 Transitional//EN"
    "http://www.w3.org/TR/xhtml1/DTD/xhtml1-transitional.dtd">
<html xmlns="http://www.w3.org/1999/xhtml" xml:lang="en" lang="en">
 <head>
  <title>
</title>
<meta http-equiv="Content-Type" content="text/html;charset=utf-8" />
  <meta name='ocr-system' content='tesseract 3.04.00' />
  <meta name='ocr-capabilities' content='ocr_page ocr_carea ocr_par ocr_line ocrx_word'/>
</head>
<body>
  <div class='ocr_page' id='page_1' title='image "./elegiarumlibrii00palmgoog_0142.png"; bbox 0 0 2168 3720; ppageno 0'>
   <div class='ocr_carea' id='block_1_1' title="bbox 299 162 964 273">
    <p class='ocr_par' dir='ltr' id='par_1_1' title="bbox 299 162 964 273">
     <span class='ocr_line' id='line_1_1' title="bbox 299 162 964 273; baseline -0.002 -21"><span class='ocrx_word' id='word_1_1' title='bbox 299 162 518 273; x_wconf 64' lang='lat' dir='ltr'><strong>racinarn</strong></span> <span class='ocrx_word' id='word_1_2' title='bbox 537 190 598 248; x_wconf 82' lang='lat' dir='ltr'><strong>nn.</strong></span> <span class='ocrx_word' id='word_1_3' title='bbox 614 190 658 262; x_wconf 90' lang='lat'><strong>11,</strong></span> <span class='ocrx_word' id='word_1_4' title='bbox 676 195 723 249; x_wconf 83' lang='lat' dir='ltr'><strong>ao.</strong></span> <span class='ocrx_word' id='word_1_5' title='bbox 739 195 786 249; x_wconf 84' lang='lat'><strong>31.</strong></span> <span class='ocrx_word' id='word_1_6' title='bbox 928 199 964 251; x_wconf 74' lang='lat' dir='ltr'><strong>as</strong></span> 
     </span>
    </p>
   </div>
   <div class='ocr_carea' id='block_1_2' title="bbox 116 349 971 1713">
    <p class='ocr_par' dir='ltr' id='par_1_2' title="bbox 116 349 971 1713">
     <span class='ocr_line' id='line_1_2' title="bbox 116 349 725 427; baseline -0.01 -15"><span class='ocrx_word' id='word_1_7' title='bbox 116 352 186 412; x_wconf 89' lang='lat' dir='ltr'><strong>Illic</strong></span> <span class='ocrx_word' id='word_1_8' title='bbox 200 350 322 427; x_wconf 79' lang='lat' dir='ltr'><strong>aspicies</strong></span> <span class='ocrx_word' id='word_1_9' title='bbox 336 349 461 426; x_wconf 87' lang='lat' dir='ltr'><strong>scopulis</strong></span> <span class='ocrx_word' id='word_1_10' title='bbox 474 349 593 407; x_wconf 89' lang='lat' dir='ltr'><strong>haerere</strong></span> <span class='ocrx_word' id='word_1_11' title='bbox 607 367 725 422; x_wconf 85' lang='lat' dir='ltr'><strong>sorores,</strong></span> 
     </span>
     <span class='ocr_line' id='line_1_3' title="bbox 157 447 748 525; baseline -0.007 -16"><span class='ocrx_word' id='word_1_12' title='bbox 157 451 198 509; x_wconf 84' lang='lat' dir='ltr'><strong>Et</strong></span> <span class='ocrx_word' id='word_1_13' title='bbox 211 469 314 509; x_wconf 87' lang='lat' dir='ltr'><strong>canere</strong></span> <span class='ocrx_word' id='word_1_14' title='bbox 327 448 443 525; x_wconf 80' lang='lat' dir='ltr'><strong>antiqui</strong></span> <span class='ocrx_word' id='word_1_15' title='bbox 457 447 553 506; x_wconf 90' lang='lat' dir='ltr'><strong>dulcia</strong></span> <span class='ocrx_word' id='word_1_16' title='bbox 565 447 647 506; x_wconf 77' lang='lat' dir='ltr'><strong>furta</strong></span> <span class='ocrx_word' id='word_1_17' title='bbox 660 447 748 521; x_wconf 91' lang='lat' dir='ltr'><strong>Iovis,</strong></span> 
     </span>
     <span class='ocr_line' id='line_1_4' title="bbox 116 546 882 624; baseline -0.001 -16"><span class='ocrx_word' id='word_1_18' title='bbox 116 551 160 608; x_wconf 87' lang='lat' dir='ltr'><strong>Ut</strong></span> <span class='ocrx_word' id='word_1_19' title='bbox 174 549 288 608; x_wconf 80' lang='lat' dir='ltr'>Semela</span> <span class='ocrx_word' id='word_1_20' title='bbox 301 550 347 607; x_wconf 90' lang='lat' dir='ltr'><strong>est</strong></span> <span class='ocrx_word' id='word_1_21' title='bbox 360 548 535 619; x_wconf 84' lang='lat' dir='ltr'><strong>combustus,</strong></span> <span class='ocrx_word' id='word_1_22' title='bbox 551 549 587 605; x_wconf 83' lang='lat' dir='ltr'><strong>ut</strong></span> <span class='ocrx_word' id='word_1_23' title='bbox 600 550 644 605; x_wconf 88' lang='lat' dir='ltr'><strong>est</strong></span> <span class='ocrx_word' id='word_1_24' title='bbox 657 546 826 624; x_wconf 85' lang='lat' dir='ltr'><strong>deperditus</strong></span> <span class='ocrx_word' id='word_1_25' title='bbox 839 550 882 620; x_wconf 91' lang='lat' dir='ltr'><strong>Io,</strong></span> 
     </span>
     <span class='ocr_line' id='line_1_5' title="bbox 157 645 966 724; baseline 0 -18"><span class='ocrx_word' id='word_1_26' title='bbox 157 648 293 724; x_wconf 90' lang='lat' dir='ltr'><strong>Denique</strong></span> <span class='ocrx_word' id='word_1_27' title='bbox 306 650 342 706; x_wconf 91' lang='lat' dir='ltr'><strong>ut</strong></span> <span class='ocrx_word' id='word_1_28' title='bbox 355 647 392 704; x_wconf 88' lang='lat' dir='ltr'><strong>ad</strong></span> <span class='ocrx_word' id='word_1_29' title='bbox 405 645 508 704; x_wconf 84' lang='lat' dir='ltr'><strong>Troiae</strong></span> <span class='ocrx_word' id='word_1_30' title='bbox 520 648 600 704; x_wconf 86' lang='lat' dir='ltr'><strong>tecta</strong></span> <span class='ocrx_word' id='word_1_31' title='bbox 612 647 720 706; x_wconf 84' lang='lat' dir='ltr'><strong>volarit</strong></span> <span class='ocrx_word' id='word_1_32' title='bbox 733 647 804 708; x_wconf 80' lang='lat' dir='ltr'><strong>avis.</strong></span> <span class='ocrx_word' id='word_1_33' title='bbox 929 654 966 706; x_wconf 83' lang='lat'><strong>30</strong></span> 
     </span>
     <span class='ocr_line' id='line_1_6' title="bbox 118 742 836 821; baseline 0.003 -18"><span class='ocrx_word' id='word_1_34' title='bbox 118 746 205 811; x_wconf 83' lang='lat' dir='ltr'><strong>Quod</strong></span> <span class='ocrx_word' id='word_1_35' title='bbox 218 745 339 804; x_wconf 88' lang='lat' dir='ltr'><strong>sinemo</strong></span> <span class='ocrx_word' id='word_1_36' title='bbox 354 746 446 816; x_wconf 82' lang='lat' dir='ltr'><strong>extat,</strong></span> <span class='ocrx_word' id='word_1_37' title='bbox 463 744 515 820; x_wconf 91' lang='lat' dir='ltr'><strong>qui</strong></span> <span class='ocrx_word' id='word_1_38' title='bbox 527 742 632 803; x_wconf 84' lang='lat' dir='ltr'><strong>vicerit</strong></span> <span class='ocrx_word' id='word_1_39' title='bbox 645 744 736 804; x_wconf 88' lang='lat' dir='ltr'><strong>Alitis</strong></span> <span class='ocrx_word' id='word_1_40' title='bbox 749 766 836 821; x_wconf 85' lang='lat' dir='ltr'><strong>arma,</strong></span> 
     </span>
     <span class='ocr_line' id='line_1_7' title="bbox 159 844 787 920; baseline 0 -17"><span class='ocrx_word' id='word_1_41' title='bbox 159 844 326 903; x_wconf 78' lang='lat' dir='ltr'><strong>Communis</strong></span> <span class='ocrx_word' id='word_1_42' title='bbox 340 844 443 920; x_wconf 84' lang='lat' dir='ltr'><strong>culpae</strong></span> <span class='ocrx_word' id='word_1_43' title='bbox 458 862 510 901; x_wconf 91' lang='lat' dir='ltr'><strong>cur</strong></span> <span class='ocrx_word' id='word_1_44' title='bbox 522 862 590 901; x_wconf 88' lang='lat' dir='ltr'><strong>rcus</strong></span> <span class='ocrx_word' id='word_1_45' title='bbox 603 863 681 902; x_wconf 92' lang='lat' dir='ltr'><strong>unus</strong></span> <span class='ocrx_word' id='word_1_46' title='bbox 694 845 787 919; x_wconf 84' lang='lat' dir='ltr'><strong>agor?</strong></span> 
     </span>
     <span class='ocr_line' id='line_1_8' title="bbox 119 941 810 1017; baseline -0.001 -15"><span class='ocrx_word' id='word_1_47' title='bbox 119 945 182 1002; x_wconf 89' lang='lat' dir='ltr'><strong>Neo</strong></span> <span class='ocrx_word' id='word_1_48' title='bbox 194 948 230 1003; x_wconf 87' lang='lat' dir='ltr'><strong>tu</strong></span> <span class='ocrx_word' id='word_1_49' title='bbox 243 942 415 1017; x_wconf 83' lang='lat' dir='ltr'><strong>Virginibus</strong></span> <span class='ocrx_word' id='word_1_50' title='bbox 428 941 593 1000; x_wconf 87' lang='lat' dir='ltr'><strong>reverentia</strong></span> <span class='ocrx_word' id='word_1_51' title='bbox 605 943 730 1001; x_wconf 84' lang='lat' dir='ltr'><strong>moveris</strong></span> <span class='ocrx_word' id='word_1_52' title='bbox 744 962 810 1002; x_wconf 90' lang='lat' dir='ltr'><strong>ora:</strong></span> 
     </span>
     <span class='ocr_line' id='line_1_9' title="bbox 158 1039 903 1118; baseline 0.004 -18"><span class='ocrx_word' id='word_1_53' title='bbox 158 1042 219 1101; x_wconf 90' lang='lat' dir='ltr'><strong>Hic</strong></span> <span class='ocrx_word' id='word_1_54' title='bbox 232 1061 349 1118; x_wconf 88' lang='lat' dir='ltr'><strong>quoque</strong></span> <span class='ocrx_word' id='word_1_55' title='bbox 362 1060 422 1099; x_wconf 91' lang='lat' dir='ltr'><strong>non</strong></span> <span class='ocrx_word' id='word_1_56' title='bbox 435 1040 530 1098; x_wconf 90' lang='lat' dir='ltr'><strong>nescit</strong></span> <span class='ocrx_word' id='word_1_57' title='bbox 543 1039 615 1116; x_wconf 88' lang='lat' dir='ltr'><strong>quid</strong></span> <span class='ocrx_word' id='word_1_58' title='bbox 629 1040 668 1101; x_wconf 88' lang='lat' dir='ltr'><strong>sit</strong></span> <span class='ocrx_word' id='word_1_59' title='bbox 680 1061 777 1101; x_wconf 91' lang='lat' dir='ltr'><strong>amare</strong></span> <span class='ocrx_word' id='word_1_60' title='bbox 790 1043 903 1117; x_wconf 87' lang='lat' dir='ltr'><strong>chorus,</strong></span> 
     </span>
     <span class='ocr_line' id='line_1_10' title="bbox 120 1139 970 1217; baseline 0.001 -18"><span class='ocrx_word' id='word_1_61' title='bbox 120 1141 153 1199; x_wconf 76' lang='lat' dir='ltr'><strong>si</strong></span> <span class='ocrx_word' id='word_1_62' title='bbox 166 1145 265 1199; x_wconf 88' lang='lat' dir='ltr'><strong>tamen</strong></span> <span class='ocrx_word' id='word_1_63' title='bbox 278 1139 384 1215; x_wconf 85' lang='lat' dir='ltr'><strong>Oeagri</strong></span> <span class='ocrx_word' id='word_1_64' title='bbox 397 1139 541 1217; x_wconf 90' lang='lat' dir='ltr'><strong>quaedam</strong></span> <span class='ocrx_word' id='word_1_65' title='bbox 554 1158 715 1216; x_wconf 87' lang='lat' dir='ltr'><strong>compressa</strong></span> <span class='ocrx_word' id='word_1_66' title='bbox 727 1141 823 1216; x_wconf 87' lang='lat' dir='ltr'><strong>figura</strong></span> <span class='ocrx_word' id='word_1_67' title='bbox 934 1149 970 1200; x_wconf 84' lang='lat'><strong>35</strong></span> 
     </span>
     <span class='ocr_line' id='line_1_11' title="bbox 159 1238 677 1315; baseline 0 -16"><span class='ocrx_word' id='word_1_68' title='bbox 159 1240 300 1299; x_wconf 78' lang='lat' dir='ltr'><strong>Bistoniis</strong></span> <span class='ocrx_word' id='word_1_69' title='bbox 313 1239 382 1298; x_wconf 88' lang='lat' dir='ltr'><strong>olim</strong></span> <span class='ocrx_word' id='word_1_70' title='bbox 394 1238 517 1315; x_wconf 85' lang='lat' dir='ltr'><strong>rupibus</strong></span> <span class='ocrx_word' id='word_1_71' title='bbox 531 1239 677 1300; x_wconf 87' lang='lat' dir='ltr'><strong>accubuit.</strong></span> 
     </span>
     <span class='ocr_line' id='line_1_12' title="bbox 121 1338 843 1414; baseline 0.001 -17"><span class='ocrx_word' id='word_1_72' title='bbox 121 1339 181 1397; x_wconf 90' lang='lat' dir='ltr'><strong>Hic</strong></span> <span class='ocrx_word' id='word_1_73' title='bbox 194 1339 247 1397; x_wconf 89' lang='lat' dir='ltr'><strong>ubi</strong></span> <span class='ocrx_word' id='word_1_74' title='bbox 260 1358 306 1397; x_wconf 91' lang='lat' dir='ltr'><strong>me</strong></span> <span class='ocrx_word' id='word_1_75' title='bbox 319 1338 414 1414; x_wconf 87' lang='lat' dir='ltr'><strong>prima</strong></span> <span class='ocrx_word' id='word_1_76' title='bbox 427 1341 559 1397; x_wconf 86' lang='lat' dir='ltr'><strong>statuent</strong></span> <span class='ocrx_word' id='word_1_77' title='bbox 572 1338 604 1395; x_wconf 90' lang='lat' dir='ltr'><strong>in</strong></span> <span class='ocrx_word' id='word_1_78' title='bbox 616 1342 700 1414; x_wconf 85' lang='lat' dir='ltr'><strong>parte</strong></span> <span class='ocrx_word' id='word_1_79' title='bbox 714 1339 843 1414; x_wconf 86' lang='lat' dir='ltr'><strong>choreae,</strong></span> 
     </span>
     <span class='ocr_line' id='line_1_13' title="bbox 161 1436 783 1513; baseline 0.003 -18"><span class='ocrx_word' id='word_1_80' title='bbox 161 1437 202 1497; x_wconf 78' lang='lat' dir='ltr'><strong>nt</strong></span> <span class='ocrx_word' id='word_1_81' title='bbox 214 1437 326 1496; x_wconf 87' lang='lat' dir='ltr'><strong>medius</strong></span> <span class='ocrx_word' id='word_1_82' title='bbox 340 1437 425 1495; x_wconf 89' lang='lat' dir='ltr'><strong>docta</strong></span> <span class='ocrx_word' id='word_1_83' title='bbox 440 1437 559 1513; x_wconf 85' lang='lat' dir='ltr'><strong>cuspide</strong></span> <span class='ocrx_word' id='word_1_84' title='bbox 572 1436 704 1496; x_wconf 89' lang='lat' dir='ltr'><strong>Bacchus</strong></span> <span class='ocrx_word' id='word_1_85' title='bbox 718 1439 783 1511; x_wconf 87' lang='lat' dir='ltr'><strong>erit,</strong></span> 
     </span>
     <span class='ocr_line' id='line_1_14' title="bbox 122 1535 838 1615; baseline 0.004 -21"><span class='ocrx_word' id='word_1_86' title='bbox 122 1536 198 1594; x_wconf 85' lang='lat' dir='ltr'><strong>Tum</strong></span> <span class='ocrx_word' id='word_1_87' title='bbox 212 1535 301 1612; x_wconf 89' lang='lat' dir='ltr'><strong>capiti</strong></span> <span class='ocrx_word' id='word_1_88' title='bbox 315 1554 409 1594; x_wconf 85' lang='lat' dir='ltr'><strong>sacros</strong></span> <span class='ocrx_word' id='word_1_89' title='bbox 421 1535 518 1611; x_wconf 86' lang='lat' dir='ltr'><strong>patiar</strong></span> <span class='ocrx_word' id='word_1_90' title='bbox 529 1536 655 1613; x_wconf 89' lang='lat' dir='ltr'><strong>pendere</strong></span> <span class='ocrx_word' id='word_1_91' title='bbox 669 1539 838 1615; x_wconf 82' lang='lat' dir='ltr'><strong>corymbos:</strong></span> 
     </span>
     <span class='ocr_line' id='line_1_15' title="bbox 161 1636 971 1713; baseline 0.004 -18"><span class='ocrx_word' id='word_1_92' title='bbox 161 1637 238 1696; x_wconf 88' lang='lat' dir='ltr'><strong>Nam</strong></span> <span class='ocrx_word' id='word_1_93' title='bbox 252 1636 313 1695; x_wconf 91' lang='lat' dir='ltr'><strong>sine</strong></span> <span class='ocrx_word' id='word_1_94' title='bbox 326 1641 357 1696; x_wconf 90' lang='lat' dir='ltr'><strong>te</strong></span> <span class='ocrx_word' id='word_1_95' title='bbox 369 1640 503 1695; x_wconf 86' lang='lat' dir='ltr'><strong>nostrum</strong></span> <span class='ocrx_word' id='word_1_96' title='bbox 515 1656 574 1695; x_wconf 91' lang='lat' dir='ltr'><strong>non</strong></span> <span class='ocrx_word' id='word_1_97' title='bbox 588 1639 669 1697; x_wconf 83' lang='lat' dir='ltr'><strong>valet</strong></span> <span class='ocrx_word' id='word_1_98' title='bbox 681 1638 843 1713; x_wconf 87' lang='lat' dir='ltr'><strong>ingenium.</strong></span> <span class='ocrx_word' id='word_1_99' title='bbox 933 1645 971 1698; x_wconf 86' lang='lat'><strong>40</strong></span> 
     </span>
    </p>
   </div>
   <div class='ocr_carea' id='block_1_3' title="bbox 122 1774 974 3317">
    <p class='ocr_par' dir='ltr' id='par_1_3' title="bbox 504 1774 587 1813">
     <span class='ocr_line' id='line_1_16' title="bbox 504 1774 587 1813; baseline 0.012 -1"><span class='ocrx_word' id='word_1_100' title='bbox 504 1774 587 1813; x_wconf 80' lang='lat' dir='ltr'><strong>xxxr.</strong></span> 
     </span>
    </p>

    <p class='ocr_par' dir='ltr' id='par_1_4' title="bbox 123 1854 875 2030">
     <span class='ocr_line' id='line_1_17' title="bbox 123 1854 875 1927; baseline 0.001 -12"><span class='ocrx_word' id='word_1_101' title='bbox 123 1855 252 1927; x_wconf 82' lang='lat' dir='ltr'><strong>Quaeris,</strong></span> <span class='ocrx_word' id='word_1_102' title='bbox 269 1874 321 1914; x_wconf 91' lang='lat' dir='ltr'><strong>cur</strong></span> <span class='ocrx_word' id='word_1_103' title='bbox 333 1855 449 1914; x_wconf 80' lang='lat' dir='ltr'><strong>veniam</strong></span> <span class='ocrx_word' id='word_1_104' title='bbox 462 1855 519 1914; x_wconf 88' lang='lat' dir='ltr'><strong>tibi</strong></span> <span class='ocrx_word' id='word_1_105' title='bbox 531 1854 649 1916; x_wconf 89' lang='lat' dir='ltr'><strong>tardior.</strong></span> <span class='ocrx_word' id='word_1_106' title='bbox 665 1876 753 1916; x_wconf 90' lang='lat' dir='ltr'><strong>aurea</strong></span> <span class='ocrx_word' id='word_1_107' title='bbox 765 1858 875 1918; x_wconf 91' lang='lat' dir='ltr'><strong>Phoebi</strong></span> 
     </span>
     <span class='ocr_line' id='line_1_18' title="bbox 162 1953 773 2030; baseline 0.007 -19"><span class='ocrx_word' id='word_1_108' title='bbox 162 1953 295 2012; x_wconf 76' lang='lat' dir='ltr'><strong>Porticus</strong></span> <span class='ocrx_word' id='word_1_109' title='bbox 308 1974 325 2013; x_wconf 89' lang='lat' dir='ltr'><strong>a</strong></span> <span class='ocrx_word' id='word_1_110' title='bbox 337 1974 442 2029; x_wconf 86' lang='lat' dir='ltr'><strong>magno</strong></span> <span class='ocrx_word' id='word_1_111' title='bbox 457 1954 578 2013; x_wconf 78' lang='lat' dir='ltr'><strong>Caesare</strong></span> <span class='ocrx_word' id='word_1_112' title='bbox 592 1960 692 2030; x_wconf 86' lang='lat' dir='ltr'><strong>aperta</strong></span> <span class='ocrx_word' id='word_1_113' title='bbox 704 1956 773 2015; x_wconf 80' lang='lat' dir='ltr'><strong>fuit.</strong></span> 
     </span>
    </p>

    <p class='ocr_par' dir='ltr' id='par_1_5' title="bbox 122 2052 881 2228">
     <span class='ocr_line' id='line_1_19' title="bbox 122 2052 881 2128; baseline 0.005 -19"><span class='ocrx_word' id='word_1_114' title='bbox 122 2053 217 2111; x_wconf 81' lang='lat' dir='ltr'><strong>Tanta</strong></span> <span class='ocrx_word' id='word_1_115' title='bbox 230 2056 292 2112; x_wconf 87' lang='lat' dir='ltr'><strong>erat</strong></span> <span class='ocrx_word' id='word_1_116' title='bbox 304 2052 337 2110; x_wconf 89' lang='lat' dir='ltr'><strong>in</strong></span> <span class='ocrx_word' id='word_1_117' title='bbox 350 2053 474 2128; x_wconf 88' lang='lat' dir='ltr'><strong>speciem</strong></span> <span class='ocrx_word' id='word_1_118' title='bbox 487 2053 592 2112; x_wconf 91' lang='lat' dir='ltr'><strong>Poenis</strong></span> <span class='ocrx_word' id='word_1_119' title='bbox 606 2053 718 2128; x_wconf 87' lang='lat' dir='ltr'><strong>digesta</strong></span> <span class='ocrx_word' id='word_1_120' title='bbox 731 2055 881 2128; x_wconf 88' lang='lat' dir='ltr'><strong>columnis,</strong></span> 
     </span>
     <span class='ocr_line' id='line_1_20' title="bbox 163 2151 761 2228; baseline 0.003 -19"><span class='ocrx_word' id='word_1_121' title='bbox 163 2151 247 2210; x_wconf 85' lang='lat' dir='ltr'><strong>Inter</strong></span> <span class='ocrx_word' id='word_1_122' title='bbox 259 2171 332 2228; x_wconf 90' lang='lat' dir='ltr'><strong>quas</strong></span> <span class='ocrx_word' id='word_1_123' title='bbox 345 2151 440 2210; x_wconf 86' lang='lat' dir='ltr'><strong>Danai</strong></span> <span class='ocrx_word' id='word_1_124' title='bbox 452 2151 562 2210; x_wconf 83' lang='lat' dir='ltr'><strong>femina</strong></span> <span class='ocrx_word' id='word_1_125' title='bbox 574 2154 663 2211; x_wconf 89' lang='lat' dir='ltr'><strong>turba</strong></span> <span class='ocrx_word' id='word_1_126' title='bbox 676 2153 761 2211; x_wconf 89' lang='lat' dir='ltr'><strong>senis.</strong></span> 
     </span>
    </p>

    <p class='ocr_par' dir='ltr' id='par_1_6' title="bbox 123 2250 970 2428">
     <span class='ocr_line' id='line_1_21' title="bbox 123 2250 970 2330; baseline 0.005 -22"><span class='ocrx_word' id='word_1_127' title='bbox 123 2251 183 2309; x_wconf 87' lang='lat' dir='ltr'><strong>Hic</strong></span> <span class='ocrx_word' id='word_1_128' title='bbox 195 2250 319 2309; x_wconf 73' lang='lat' dir='ltr'><strong>Phoebus</strong></span> <span class='ocrx_word' id='word_1_129' title='bbox 332 2251 448 2310; x_wconf 90' lang='lat' dir='ltr'><strong>Phoebo</strong></span> <span class='ocrx_word' id='word_1_130' title='bbox 461 2250 542 2310; x_wconf 82' lang='lat' dir='ltr'><strong>visus</strong></span> <span class='ocrx_word' id='word_1_131' title='bbox 555 2251 629 2309; x_wconf 91' lang='lat' dir='ltr'><strong>mihi</strong></span> <span class='ocrx_word' id='word_1_132' title='bbox 641 2252 792 2327; x_wconf 85' lang='lat' dir='ltr'><strong>pulchrior</strong></span> <span class='ocrx_word' id='word_1_133' title='bbox 803 2253 867 2330; x_wconf 91' lang='lat' dir='ltr'><strong>ipso</strong></span> <span class='ocrx_word' id='word_1_134' title='bbox 954 2261 970 2312; x_wconf 82' lang='lat'><em>5</em></span> 
     </span>
     <span class='ocr_line' id='line_1_22' title="bbox 163 2349 755 2428; baseline 0 -21"><span class='ocrx_word' id='word_1_135' title='bbox 163 2349 342 2408; x_wconf 86' lang='lat' dir='ltr'><strong>Marmoreus</strong></span> <span class='ocrx_word' id='word_1_136' title='bbox 354 2350 445 2409; x_wconf 87' lang='lat' dir='ltr'><strong>tacita</strong></span> <span class='ocrx_word' id='word_1_137' title='bbox 458 2370 574 2408; x_wconf 89' lang='lat' dir='ltr'><strong>carmen</strong></span> <span class='ocrx_word' id='word_1_138' title='bbox 586 2351 668 2409; x_wconf 91' lang='lat' dir='ltr'><strong>hiare</strong></span> <span class='ocrx_word' id='word_1_139' title='bbox 681 2351 755 2428; x_wconf 89' lang='lat' dir='ltr'><strong>lyra,</strong></span> 
     </span>
    </p>

    <p class='ocr_par' dir='ltr' id='par_1_7' title="bbox 124 2447 886 2624">
     <span class='ocr_line' id='line_1_23' title="bbox 124 2447 886 2529; baseline 0.008 -24"><span class='ocrx_word' id='word_1_140' title='bbox 124 2448 224 2524; x_wconf 80' lang='lat' dir='ltr'><strong>Atque</strong></span> <span class='ocrx_word' id='word_1_141' title='bbox 238 2467 317 2506; x_wconf 86' lang='lat' dir='ltr'><strong>aram</strong></span> <span class='ocrx_word' id='word_1_142' title='bbox 330 2447 439 2507; x_wconf 91' lang='lat' dir='ltr'><strong>circum</strong></span> <span class='ocrx_word' id='word_1_143' title='bbox 453 2452 595 2508; x_wconf 85' lang='lat' dir='ltr'><strong>steterant</strong></span> <span class='ocrx_word' id='word_1_144' title='bbox 609 2453 740 2509; x_wconf 88' lang='lat' dir='ltr'><strong>armenta</strong></span> <span class='ocrx_word' id='word_1_145' title='bbox 752 2452 886 2529; x_wconf 84' lang='lat' dir='ltr'><strong>Myronis</strong></span> 
     </span>
     <span class='ocr_line' id='line_1_24' title="bbox 165 2547 785 2624; baseline 0.006 -19"><span class='ocrx_word' id='word_1_146' title='bbox 165 2547 310 2612; x_wconf 77' lang='lat' dir='ltr'><strong>Quattuor</strong></span> <span class='ocrx_word' id='word_1_147' title='bbox 323 2547 452 2620; x_wconf 82' lang='lat' dir='ltr'><strong>artificis,</strong></span> <span class='ocrx_word' id='word_1_148' title='bbox 467 2548 567 2608; x_wconf 84' lang='lat' dir='ltr'><strong>vivida</strong></span> <span class='ocrx_word' id='word_1_149' title='bbox 581 2549 672 2624; x_wconf 88' lang='lat' dir='ltr'><strong>signa,</strong></span> <span class='ocrx_word' id='word_1_150' title='bbox 687 2550 785 2609; x_wconf 83' lang='lat' dir='ltr'><strong>boves.</strong></span> 
     </span>
    </p>

    <p class='ocr_par' dir='ltr' id='par_1_8' title="bbox 125 2645 972 2824">
     <span class='ocr_line' id='line_1_25' title="bbox 125 2645 902 2727; baseline 0.009 -25"><span class='ocrx_word' id='word_1_151' title='bbox 125 2645 200 2703; x_wconf 87' lang='lat' dir='ltr'><strong>Tum</strong></span> <span class='ocrx_word' id='word_1_152' title='bbox 213 2645 341 2704; x_wconf 90' lang='lat' dir='ltr'><strong>medium</strong></span> <span class='ocrx_word' id='word_1_153' title='bbox 354 2647 431 2705; x_wconf 82' lang='lat' dir='ltr'><strong>claro</strong></span> <span class='ocrx_word' id='word_1_154' title='bbox 445 2649 583 2722; x_wconf 83' lang='lat' dir='ltr'><strong>surgebat</strong></span> <span class='ocrx_word' id='word_1_155' title='bbox 596 2667 736 2707; x_wconf 88' lang='lat' dir='ltr'><strong>marmore</strong></span> <span class='ocrx_word' id='word_1_156' title='bbox 750 2651 902 2727; x_wconf 88' lang='lat' dir='ltr'><strong>templum,</strong></span> 
     </span>
     <span class='ocr_line' id='line_1_26' title="bbox 165 2744 972 2824; baseline 0.005 -22"><span class='ocrx_word' id='word_1_157' title='bbox 165 2744 205 2803; x_wconf 78' lang='lat' dir='ltr'><strong>nt</strong></span> <span class='ocrx_word' id='word_1_158' title='bbox 217 2745 313 2821; x_wconf 89' lang='lat' dir='ltr'><strong>patria</strong></span> <span class='ocrx_word' id='word_1_159' title='bbox 326 2746 442 2805; x_wconf 89' lang='lat' dir='ltr'><strong>Phoebo</strong></span> <span class='ocrx_word' id='word_1_160' title='bbox 456 2747 551 2804; x_wconf 87' lang='lat' dir='ltr'><strong>carius</strong></span> <span class='ocrx_word' id='word_1_161' title='bbox 565 2745 696 2824; x_wconf 79' lang='lat' dir='ltr'><strong>Ortygia,</strong></span> <span class='ocrx_word' id='word_1_162' title='bbox 938 2754 972 2806; x_wconf 92' lang='grc'><strong>10</strong></span> 
     </span>
    </p>

    <p class='ocr_par' dir='ltr' id='par_1_9' title="bbox 125 2844 766 3021">
     <span class='ocr_line' id='line_1_27' title="bbox 125 2844 755 2920; baseline 0.008 -20"><span class='ocrx_word' id='word_1_163' title='bbox 125 2844 162 2901; x_wconf 83' lang='lat' dir='ltr'><strong>In</strong></span> <span class='ocrx_word' id='word_1_164' title='bbox 176 2862 233 2920; x_wconf 92' lang='lat' dir='ltr'><strong>quo</strong></span> <span class='ocrx_word' id='word_1_165' title='bbox 248 2844 323 2903; x_wconf 83' lang='lat' dir='ltr'><strong>Solia</strong></span> <span class='ocrx_word' id='word_1_166' title='bbox 336 2849 400 2904; x_wconf 88' lang='lat' dir='ltr'><strong>erat</strong></span> <span class='ocrx_word' id='word_1_167' title='bbox 413 2864 501 2920; x_wconf 87' lang='lat' dir='ltr'><strong>supra</strong></span> <span class='ocrx_word' id='word_1_168' title='bbox 512 2845 631 2919; x_wconf 82' lang='lat' dir='ltr'><strong>fastigia</strong></span> <span class='ocrx_word' id='word_1_169' title='bbox 645 2864 755 2917; x_wconf 90' lang='lat' dir='ltr'><strong>currus,</strong></span> 
     </span>
     <span class='ocr_line' id='line_1_28' title="bbox 165 2943 766 3021; baseline 0.005 -20"><span class='ocrx_word' id='word_1_170' title='bbox 165 2943 205 3001; x_wconf 79' lang='lat' dir='ltr'><strong>nt</strong></span> <span class='ocrx_word' id='word_1_171' title='bbox 217 2943 330 3016; x_wconf 87' lang='lat' dir='ltr'><strong>valvae,</strong></span> <span class='ocrx_word' id='word_1_172' title='bbox 346 2943 450 3020; x_wconf 92' lang='lat' dir='ltr'><strong>Libyci</strong></span> <span class='ocrx_word' id='word_1_173' title='bbox 462 2944 561 3003; x_wconf 91' lang='lat' dir='ltr'><strong>nobile</strong></span> <span class='ocrx_word' id='word_1_174' title='bbox 574 2944 671 3003; x_wconf 87' lang='lat' dir='ltr'><strong>dentis</strong></span> <span class='ocrx_word' id='word_1_175' title='bbox 685 2964 766 3021; x_wconf 90' lang='lat' dir='ltr'><strong>opus,</strong></span> 
     </span>
    </p>

    <p class='ocr_par' dir='ltr' id='par_1_10' title="bbox 126 3041 747 3201">
     <span class='ocr_line' id='line_1_29' title="bbox 126 3041 747 3115; baseline 0.006 -16"><span class='ocrx_word' id='word_1_176' title='bbox 126 3041 229 3100; x_wconf 84' lang='lat' dir='ltr'><strong>Altera</strong></span> <span class='ocrx_word' id='word_1_177' title='bbox 242 3041 369 3101; x_wconf 86' lang='lat' dir='ltr'><strong>deiectos</strong></span> <span class='ocrx_word' id='word_1_178' title='bbox 381 3043 502 3101; x_wconf 88' lang='lat' dir='ltr'><strong>Parnasi</strong></span> <span class='ocrx_word' id='word_1_179' title='bbox 515 3042 624 3101; x_wconf 82' lang='lat' dir='ltr'><strong>vertice</strong></span> <span class='ocrx_word' id='word_1_180' title='bbox 639 3043 747 3115; x_wconf 83' lang='lat' dir='ltr'><strong>Gallos,</strong></span> 
     </span>
     <span class='ocr_line' id='line_1_30' title="bbox 165 3140 738 3201; baseline 0.003 -3"><span class='ocrx_word' id='word_1_181' title='bbox 165 3140 269 3199; x_wconf 80' lang='lat' dir='ltr'><strong>Altera</strong></span> <span class='ocrx_word' id='word_1_182' title='bbox 281 3142 429 3200; x_wconf 85' lang='lat' dir='ltr'><strong>maerebat</strong></span> <span class='ocrx_word' id='word_1_183' title='bbox 441 3141 546 3200; x_wconf 79' lang='lat' dir='ltr'><strong>funera</strong></span> <span class='ocrx_word' id='word_1_184' title='bbox 559 3141 738 3201; x_wconf 84' lang='lat' dir='ltr'><strong>Tantalidos.</strong></span> 
     </span>
    </p>

    <p class='ocr_par' dir='ltr' id='par_1_11' title="bbox 128 3238 974 3317">
     <span class='ocr_line' id='line_1_31' title="bbox 128 3238 974 3317; baseline 0.005 -21"><span class='ocrx_word' id='word_1_185' title='bbox 128 3238 243 3298; x_wconf 88' lang='lat' dir='ltr'><strong>Deinde</strong></span> <span class='ocrx_word' id='word_1_186' title='bbox 256 3239 335 3298; x_wconf 88' lang='lat' dir='ltr'><strong>inter</strong></span> <span class='ocrx_word' id='word_1_187' title='bbox 347 3242 471 3299; x_wconf 88' lang='lat' dir='ltr'><strong>matram</strong></span> <span class='ocrx_word' id='word_1_188' title='bbox 483 3241 556 3300; x_wconf 89' lang='lat' dir='ltr'><strong>deus</strong></span> <span class='ocrx_word' id='word_1_189' title='bbox 568 3239 630 3316; x_wconf 89' lang='lat' dir='ltr'><strong>ipsc</strong></span> <span class='ocrx_word' id='word_1_190' title='bbox 640 3239 777 3317; x_wconf 89' lang='lat' dir='ltr'><strong>interque</strong></span> <span class='ocrx_word' id='word_1_191' title='bbox 791 3260 916 3300; x_wconf 85' lang='lat' dir='ltr'><strong>sororem</strong></span> <span class='ocrx_word' id='word_1_192' title='bbox 940 3247 974 3300; x_wconf 87' lang='lat'><strong>15</strong></span> 
     </span>
    </p>
   </div>
   <div class='ocr_carea' id='block_1_4' title="bbox 167 3336 778 3477">
    <p class='ocr_par' dir='ltr' id='par_1_12' title="bbox 167 3336 778 3477">
     <span class='ocr_line' id='line_1_32' title="bbox 167 3336 778 3414; baseline 0.007 -20"><span class='ocrx_word' id='word_1_193' title='bbox 167 3336 293 3414; x_wconf 88' lang='lat' dir='ltr'><strong>Pythius</strong></span> <span class='ocrx_word' id='word_1_194' title='bbox 305 3338 338 3396; x_wconf 88' lang='lat' dir='ltr'><strong>in</strong></span> <span class='ocrx_word' id='word_1_195' title='bbox 350 3337 438 3413; x_wconf 87' lang='lat' dir='ltr'><strong>longa</strong></span> <span class='ocrx_word' id='word_1_196' title='bbox 451 3339 579 3398; x_wconf 88' lang='lat' dir='ltr'><strong>carmina</strong></span> <span class='ocrx_word' id='word_1_197' title='bbox 591 3343 672 3402; x_wconf 86' lang='lat' dir='ltr'><strong>veste</strong></span> <span class='ocrx_word' id='word_1_198' title='bbox 686 3343 778 3400; x_wconf 90' lang='lat' dir='ltr'><strong>sonat.</strong></span> 
     </span>
     <span class='ocr_line' id='line_1_33' title="bbox 538 3437 557 3477; baseline 0 0"><span class='ocrx_word' id='word_1_199' title='bbox 538 3437 557 3477; x_wconf 83' lang='lat' dir='ltr'><strong>r</strong></span> 
     </span>
    </p>
   </div>
   <div class='ocr_carea' id='block_1_5' title="bbox 0 0 1103 3720">
    <p class='ocr_par' dir='ltr' id='par_1_13' title="bbox 0 0 1103 3720">
     <span class='ocr_line' id='line_1_34' title="bbox 0 0 1103 3720; baseline 0 0"><span class='ocrx_word' id='word_1_200' title='bbox 0 0 1103 3720; x_wconf 95' lang='lat' dir='ltr'><strong> </strong></span> 
     </span>
    </p>
   </div>
  </div>
 </body>
</html>
