2168 3720
163 267 200 318 22
352 257 570 318 ruorusrrr
591 256 650 315 uu.
666 257 691 330 1,
711 261 755 314 rs.
775 260 819 312 19.

201 419 241 476 Et
254 419 340 477 datur
353 417 464 476 inculto
477 415 595 475 tramite
608 415 681 472 dura
694 413 793 490 quies:

161 519 202 576 ut
215 518 416 594 quodcumque
429 535 510 574 meae
523 518 645 591 possunt
657 533 774 572 narrare
788 513 944 589 querellae,

201 616 293 690 Cogor
306 616 342 675 od
355 619 473 690 argutos
486 615 580 672 dicere
595 614 671 671 solus
685 632 761 671 eves.
976 618 1015 670 30

161 714 218 772 Sed
227 714 447 791 qualiscumque
457 735 496 786 es,
509 717 645 772 resonent
654 713 727 770 mihi
740 711 898 789 ‘cynthia’
912 711 1013 785 silvae,

199 812 228 870 N
229 833 261 872 eo
274 813 388 872 deserte
400 816 453 871 tuo
466 813 581 872 nomine
596 833 666 871 saxa
678 816 792 871 vacent.

555 1009 617 1047 XIX.

160 1108 189 1166 N
190 1128 228 1166 on
241 1128 293 1182 ego
306 1127 385 1166 nunc
399 1107 499 1167 tristes
513 1128 622 1180 vereor,
637 1128 701 1167 mea
715 1108 852 1186 Cynthia,
870 1109 983 1180 Manes,

198 1206 228 1264 N
229 1226 260 1265 ec
273 1226 368 1264 moror
382 1211 512 1266 extremo
526 1208 625 1267 debita
637 1207 700 1267 fota
712 1228 798 1282 rogo:

161 1306 217 1364 Sed
230 1325 267 1364 ne
280 1305 356 1364 forte
368 1309 421 1365 tuo
435 1312 532 1366 careat
544 1307 618 1364 mihi
630 1307 721 1365 funus
735 1327 839 1380 amore,

198 1404 258 1462 Hic
270 1404 358 1462 timor
371 1407 415 1464 est
427 1405 499 1481 ipsis
511 1405 611 1464 durior
624 1405 765 1483 exequiis.
1075 1483 1076 1487 Ἰ

159 1502 227 1560 Non
241 1503 311 1561 adeo
323 1503 430 1562 leviter
442 1506 551 1563 nostris
563 1523 637 1580 puer
649 1505 744 1563 haesit
758 1504 867 1576 ocellis,
994 1511 1012 1562 5

198 1603 241 1661 Ut
255 1622 337 1660 meus
350 1602 440 1662 oblito
453 1602 551 1679 pulvis
566 1623 661 1662 umore
673 1606 767 1662 vacet.

160 1700 228 1759 Illic
241 1701 414 1777 Phylacides
427 1701 570 1760 iucundae
584 1701 714 1777 coniugis
727 1703 812 1760 heros

199 1798 266 1856 Non
279 1798 377 1874 potuit
390 1799 481 1858 caecis
493 1799 635 1858 inmemor
648 1820 709 1859 esse
721 1800 802 1872 locis,

161 1899 217 1957 Sed
231 1898 352 1975 cupidus
365 1898 447 1957 loisis
462 1899 608 1973 attingere
621 1899 728 1973 gaudio
739 1899 845 1975 palmis

199 1997 346 2056 Thessalis
359 1997 509 2074 antiquom
522 2000 643 2057 venerat
656 2000 759 2057 umbro
772 1999 899 2057 domum.
976 2003 1012 2055 lo

159 2096 228 2155 Illic
242 2096 385 2174 quidquid
399 2116 457 2168 ero,
474 2116 585 2172 semper
597 2101 651 2156 tus
663 2097 743 2156 dicor
755 2096 850 2171 imago
862 2118 870 2155 :

199 2196 309 2255 'Proicit
323 2201 353 2255 et
365 2195 421 2254 fati
433 2195 522 2255 litora
535 2215 658 2270 magnus
671 2215 760 2255 umor.

160 2296 229 2353 Illic
242 2296 382 2355 formosae
395 2295 516 2354 veniant
530 2277 634 2353 chorus
646 2295 791 2367 heroinae,

200 2393 278 2457 Quas
291 2394 372 2453 dedit
385 2394 504 2469 Argivis
516 2394 652 2452 Dardana
664 2393 771 2470 praeda
783 2392 873 2466 viris;

160 2491 277 2550 Harum
289 2492 373 2551 nulla
385 2496 439 2551 tus
450 2493 542 2552 fuerit
555 2493 637 2565 mihi,
653 2492 788 2570 Cynthia,
803 2491 898 2551 forms
976 2498 1011 2550 15

200 2591 324 2664 Gratior,
341 2595 372 2650 et
385 2592 485 2651 Tellus
499 2594 553 2652 hoc
567 2592 609 2651 ita
621 2592 700 2652 iusta
713 2591 798 2651 sinat.

161 2688 300 2754 Quamvis
313 2694 343 2748 te
356 2691 459 2764 longae
472 2695 654 2750 remorentur
664 2691 727 2750 fate
740 2692 881 2762 senectus,

200 2788 273 2847 (lero
284 2791 384 2847 temen
396 2788 524 2848 lacrimis
537 2809 600 2848 ossa
612 2789 715 2848 futuru
726 2788 808 2848 meis.

161 2885 242 2951 Quae
255 2889 290 2946 tu
303 2887 371 2946 viva
383 2907 447 2946 mea
460 2887 551 2963 possis
565 2888 672 2947 sentire
684 2887 804 2948 favifls!

199 2985 275 3043 Tum
287 2985 360 3043 mihi
372 3005 432 3044 nou
444 2987 506 3044 ullo
518 3006 595 3044 mors
608 2986 647 3047 sit
660 3005 757 3046 amors
768 2986 841 3045 loco.
972 2991 1011 3044 20

161 3082 255 3148 Quem
267 3103 369 3142 vereor
380 3103 418 3143 ne
431 3087 461 3144 te
475 3087 648 3161 contempto,
665 3084 801 3162 Cynthia,
816 3085 912 3157 busto,

199 3182 358 3242 Abstrahat
371 3183 425 3242 deu
437 3186 535 3242 nostro
548 3184 670 3260 pulvere
682 3184 802 3261 iniquus
815 3185 916 3256 Amor,

160 3280 251 3355 cogat
264 3286 294 3341 et
306 3281 429 3342 invitem
441 3282 575 3342 lacrimas
587 3283 694 3344 siccare
707 3284 860 3344 cedentes!

195 3380 344 3442 Flectitur
355 3382 479 3444 assiduis
493 3389 571 3444 certa
583 3384 683 3462 puelle
695 3382 792 3444 minis.
