<?xml version="1.0" encoding="UTF-8"?>
<!DOCTYPE html PUBLIC "-//W3C//DTD XHTML 1.0 Transitional//EN"
    "http://www.w3.org/TR/xhtml1/DTD/xhtml1-transitional.dtd">
<html xmlns="http://www.w3.org/1999/xhtml" xml:lang="en" lang="en">
 <head>
  <title>
</title>
<meta http-equiv="Content-Type" content="text/html;charset=utf-8" />
  <meta name='ocr-system' content='tesseract 3.04.00' />
  <meta name='ocr-capabilities' content='ocr_page ocr_carea ocr_par ocr_line ocrx_word'/>
</head>
<body>
  <div class='ocr_page' id='page_1' title='image "./elegiarumlibrii00palmgoog_0186.png"; bbox 0 0 2168 3720; ppageno 0'>
   <div class='ocr_carea' id='block_1_1' title="bbox 325 217 964 290">
    <p class='ocr_par' dir='ltr' id='par_1_1' title="bbox 325 217 964 290">
     <span class='ocr_line' id='line_1_1' title="bbox 325 217 964 290; baseline -0.005 -12"><span class='ocrx_word' id='word_1_1' title='bbox 325 219 544 278; x_wconf 82' lang='lat' dir='ltr'><strong>PROPERTH</strong></span> <span class='ocrx_word' id='word_1_2' title='bbox 565 217 625 277; x_wconf 70' lang='grc' dir='ltr'>ΕΒ.</span> <span class='ocrx_word' id='word_1_3' title='bbox 648 217 702 290; x_wconf 88' lang='lat' dir='ltr'>IV,</span> <span class='ocrx_word' id='word_1_4' title='bbox 721 222 747 276; x_wconf 90' lang='lat'>1.</span> <span class='ocrx_word' id='word_1_5' title='bbox 910 222 964 275; x_wconf 84' lang='lat'>109</span> 
     </span>
    </p>
   </div>
   <div class='ocr_carea' id='block_1_2' title="bbox 111 374 986 3330">
    <p class='ocr_par' dir='ltr' id='par_1_2' title="bbox 114 374 952 552">
     <span class='ocr_line' id='line_1_2' title="bbox 114 374 952 454; baseline -0.004 -20"><span class='ocrx_word' id='word_1_6' title='bbox 114 376 259 436; x_wconf 88' lang='lat' dir='ltr'>“Vertite</span> <span class='ocrx_word' id='word_1_7' title='bbox 273 397 390 454; x_wconf 85' lang='lat' dir='ltr'>equum,</span> <span class='ocrx_word' id='word_1_8' title='bbox 406 376 519 436; x_wconf 81' lang='lat' dir='ltr'>Danai!</span> <span class='ocrx_word' id='word_1_9' title='bbox 541 377 617 436; x_wconf 87' lang='lat' dir='ltr'>male</span> <span class='ocrx_word' id='word_1_10' title='bbox 629 374 767 435; x_wconf 85' lang='lat' dir='ltr'>vincitis:</span> <span class='ocrx_word' id='word_1_11' title='bbox 791 375 850 434; x_wconf 93' lang='lat' dir='ltr'>Ilia</span> <span class='ocrx_word' id='word_1_12' title='bbox 862 378 952 435; x_wconf 86' lang='lat' dir='ltr'>tellus</span> 
     </span>
     <span class='ocr_line' id='line_1_3' title="bbox 150 474 850 552; baseline 0 -18"><span class='ocrx_word' id='word_1_13' title='bbox 150 475 248 547; x_wconf 83' lang='lat' dir='ltr'>Vivet,</span> <span class='ocrx_word' id='word_1_14' title='bbox 265 480 296 534; x_wconf 88' lang='lat' dir='ltr'>et</span> <span class='ocrx_word' id='word_1_15' title='bbox 308 476 377 534; x_wconf 89' lang='lat' dir='ltr'>huic</span> <span class='ocrx_word' id='word_1_16' title='bbox 392 475 482 535; x_wconf 88' lang='lat' dir='ltr'>cineri</span> <span class='ocrx_word' id='word_1_17' title='bbox 495 475 632 552; x_wconf 90' lang='lat' dir='ltr'>Iuppiter</span> <span class='ocrx_word' id='word_1_18' title='bbox 646 494 726 532; x_wconf 87' lang='lat' dir='ltr'>arma</span> <span class='ocrx_word' id='word_1_19' title='bbox 739 474 850 534; x_wconf 89' lang='lat' dir='ltr'>dabit.&#39;&#39;</span> 
     </span>
    </p>

    <p class='ocr_par' dir='ltr' id='par_1_3' title="bbox 112 574 964 739">
     <span class='ocr_line' id='line_1_4' title="bbox 112 574 964 651; baseline -0.002 -19"><span class='ocrx_word' id='word_1_20' title='bbox 112 575 231 650; x_wconf 90' lang='lat' dir='ltr'>Optima</span> <span class='ocrx_word' id='word_1_21' title='bbox 243 576 394 634; x_wconf 88' lang='lat' dir='ltr'>nutricum</span> <span class='ocrx_word' id='word_1_22' title='bbox 406 575 513 634; x_wconf 88' lang='lat' dir='ltr'>nostris</span> <span class='ocrx_word' id='word_1_23' title='bbox 526 575 598 651; x_wconf 84' lang='lat' dir='ltr'>lupa</span> <span class='ocrx_word' id='word_1_24' title='bbox 610 574 720 632; x_wconf 87' lang='lat' dir='ltr'>Martia</span> <span class='ocrx_word' id='word_1_25' title='bbox 733 575 828 647; x_wconf 89' lang='lat' dir='ltr'>rebus,</span> <span class='ocrx_word' id='word_1_26' title='bbox 928 580 964 630; x_wconf 80' lang='lat'>55</span> 
     </span>
     <span class='ocr_line' id='line_1_5' title="bbox 152 673 730 739; baseline -0.003 -6"><span class='ocrx_word' id='word_1_27' title='bbox 152 673 258 739; x_wconf 75' lang='lat' dir='ltr'>Qualia</span> <span class='ocrx_word' id='word_1_28' title='bbox 273 677 428 734; x_wconf 83' lang='lat' dir='ltr'>creverunt</span> <span class='ocrx_word' id='word_1_29' title='bbox 440 673 556 732; x_wconf 85' lang='lat' dir='ltr'>moenia</span> <span class='ocrx_word' id='word_1_30' title='bbox 569 674 645 732; x_wconf 83' lang='lat' dir='ltr'>lacte</span> <span class='ocrx_word' id='word_1_31' title='bbox 658 677 710 732; x_wconf 91' lang='lat' dir='ltr'>tuo</span> <span class='ocrx_word' id='word_1_32' title='bbox 723 674 730 732; x_wconf 84' lang='lat' dir='ltr'>l</span> 
     </span>
    </p>

    <p class='ocr_par' dir='ltr' id='par_1_4' title="bbox 111 773 902 950">
     <span class='ocr_line' id='line_1_6' title="bbox 111 773 812 850; baseline -0.003 -19"><span class='ocrx_word' id='word_1_33' title='bbox 111 773 230 832; x_wconf 89' lang='lat' dir='ltr'>Moenia</span> <span class='ocrx_word' id='word_1_34' title='bbox 242 793 369 850; x_wconf 87' lang='lat' dir='ltr'>namque</span> <span class='ocrx_word' id='word_1_35' title='bbox 382 774 430 850; x_wconf 90' lang='lat' dir='ltr'>pio</span> <span class='ocrx_word' id='word_1_36' title='bbox 444 793 529 832; x_wconf 90' lang='lat' dir='ltr'>conor</span> <span class='ocrx_word' id='word_1_37' title='bbox 542 773 693 849; x_wconf 84' lang='lat' dir='ltr'>disponere</span> <span class='ocrx_word' id='word_1_38' title='bbox 706 791 794 830; x_wconf 89' lang='lat' dir='ltr'>versu</span> <span class='ocrx_word' id='word_1_39' title='bbox 806 794 812 829; x_wconf 93' lang='lat'>:</span> 
     </span>
     <span class='ocr_line' id='line_1_7' title="bbox 153 871 902 950; baseline -0.003 -20"><span class='ocrx_word' id='word_1_40' title='bbox 153 873 190 931; x_wconf 84' lang='lat' dir='ltr'>Ei</span> <span class='ocrx_word' id='word_1_41' title='bbox 203 871 285 945; x_wconf 89' lang='lat' dir='ltr'>mihi,</span> <span class='ocrx_word' id='word_1_42' title='bbox 303 873 381 950; x_wconf 92' lang='lat' dir='ltr'>quod</span> <span class='ocrx_word' id='word_1_43' title='bbox 394 876 493 931; x_wconf 85' lang='lat' dir='ltr'>nostro</span> <span class='ocrx_word' id='word_1_44' title='bbox 508 875 553 931; x_wconf 91' lang='lat' dir='ltr'>est</span> <span class='ocrx_word' id='word_1_45' title='bbox 566 891 675 949; x_wconf 80' lang='lat' dir='ltr'>parvus</span> <span class='ocrx_word' id='word_1_46' title='bbox 688 871 721 928; x_wconf 91' lang='lat' dir='ltr'>in</span> <span class='ocrx_word' id='word_1_47' title='bbox 734 889 782 929; x_wconf 93' lang='lat' dir='ltr'>ore</span> <span class='ocrx_word' id='word_1_48' title='bbox 798 890 885 928; x_wconf 93' lang='lat' dir='ltr'>sonus</span> <span class='ocrx_word' id='word_1_49' title='bbox 896 871 902 928; x_wconf 75' lang='grc' dir='ltr'>Ι</span> 
     </span>
    </p>

    <p class='ocr_par' dir='ltr' id='par_1_5' title="bbox 114 969 966 1148">
     <span class='ocr_line' id='line_1_8' title="bbox 114 969 852 1049; baseline -0.005 -19"><span class='ocrx_word' id='word_1_50' title='bbox 114 972 171 1030; x_wconf 83' lang='lat' dir='ltr'>Sed</span> <span class='ocrx_word' id='word_1_51' title='bbox 184 975 283 1031; x_wconf 89' lang='lat' dir='ltr'>tamen</span> <span class='ocrx_word' id='word_1_52' title='bbox 296 972 404 1046; x_wconf 87' lang='lat' dir='ltr'>exiguo</span> <span class='ocrx_word' id='word_1_53' title='bbox 419 972 622 1049; x_wconf 90' lang='lat' dir='ltr'>quodcumque</span> <span class='ocrx_word' id='word_1_54' title='bbox 637 990 652 1029; x_wconf 93' lang='lat' dir='ltr'>e</span> <span class='ocrx_word' id='word_1_55' title='bbox 665 973 782 1046; x_wconf 77' lang='lat' dir='ltr'>pectore</span> <span class='ocrx_word' id='word_1_56' title='bbox 795 969 852 1026; x_wconf 87' lang='lat' dir='ltr'>rivi</span> 
     </span>
     <span class='ocr_line' id='line_1_9' title="bbox 152 1071 966 1148; baseline -0.007 -20"><span class='ocrx_word' id='word_1_57' title='bbox 152 1071 298 1143; x_wconf 84' lang='lat' dir='ltr'>Fluxerit,</span> <span class='ocrx_word' id='word_1_58' title='bbox 313 1072 369 1130; x_wconf 92' lang='lat' dir='ltr'>hoc</span> <span class='ocrx_word' id='word_1_59' title='bbox 382 1071 495 1148; x_wconf 80' lang='lat' dir='ltr'>patriae</span> <span class='ocrx_word' id='word_1_60' title='bbox 508 1071 616 1130; x_wconf 84' lang='lat' dir='ltr'>serviet</span> <span class='ocrx_word' id='word_1_61' title='bbox 630 1089 714 1128; x_wconf 90' lang='lat' dir='ltr'>omne</span> <span class='ocrx_word' id='word_1_62' title='bbox 727 1088 817 1128; x_wconf 90' lang='lat' dir='ltr'>meae.</span> <span class='ocrx_word' id='word_1_63' title='bbox 930 1076 966 1125; x_wconf 74' lang='lat'>60</span> 
     </span>
    </p>

    <p class='ocr_par' dir='ltr' id='par_1_6' title="bbox 113 1170 807 1346">
     <span class='ocr_line' id='line_1_10' title="bbox 113 1170 764 1249; baseline -0.003 -20"><span class='ocrx_word' id='word_1_64' title='bbox 113 1171 228 1230; x_wconf 87' lang='lat' dir='ltr'>Ennius</span> <span class='ocrx_word' id='word_1_65' title='bbox 242 1171 357 1230; x_wconf 87' lang='lat' dir='ltr'>hirsuta</span> <span class='ocrx_word' id='word_1_66' title='bbox 371 1171 471 1249; x_wconf 89' lang='lat' dir='ltr'>cingat</span> <span class='ocrx_word' id='word_1_67' title='bbox 484 1191 536 1230; x_wconf 89' lang='lat' dir='ltr'>sua</span> <span class='ocrx_word' id='word_1_68' title='bbox 549 1170 628 1230; x_wconf 89' lang='lat' dir='ltr'>dicta</span> <span class='ocrx_word' id='word_1_69' title='bbox 641 1190 764 1229; x_wconf 88' lang='lat' dir='ltr'>corona:</span> 
     </span>
     <span class='ocr_line' id='line_1_11' title="bbox 152 1269 807 1346; baseline -0.003 -18"><span class='ocrx_word' id='word_1_70' title='bbox 152 1270 197 1328; x_wconf 88' lang='lat' dir='ltr'>Mi</span> <span class='ocrx_word' id='word_1_71' title='bbox 209 1269 281 1328; x_wconf 80' lang='lat' dir='ltr'>folia</span> <span class='ocrx_word' id='word_1_72' title='bbox 294 1289 333 1329; x_wconf 91' lang='lat' dir='ltr'>ex</span> <span class='ocrx_word' id='word_1_73' title='bbox 346 1271 454 1330; x_wconf 87' lang='lat' dir='ltr'>hedera</span> <span class='ocrx_word' id='word_1_74' title='bbox 467 1269 592 1346; x_wconf 86' lang='lat' dir='ltr'>porrige,</span> <span class='ocrx_word' id='word_1_75' title='bbox 608 1269 730 1341; x_wconf 90' lang='lat' dir='ltr'>Bacche,</span> <span class='ocrx_word' id='word_1_76' title='bbox 746 1273 807 1339; x_wconf 86' lang='lat' dir='ltr'>tua,</span> 
     </span>
    </p>

    <p class='ocr_par' dir='ltr' id='par_1_7' title="bbox 112 1367 852 1544">
     <span class='ocr_line' id='line_1_12' title="bbox 112 1367 852 1445; baseline -0.004 -17"><span class='ocrx_word' id='word_1_77' title='bbox 112 1369 156 1428; x_wconf 89' lang='lat' dir='ltr'>Ut</span> <span class='ocrx_word' id='word_1_78' title='bbox 168 1368 276 1428; x_wconf 89' lang='lat' dir='ltr'>nostris</span> <span class='ocrx_word' id='word_1_79' title='bbox 289 1368 451 1429; x_wconf 81' lang='lat' dir='ltr'>tumefacta</span> <span class='ocrx_word' id='word_1_80' title='bbox 465 1368 614 1445; x_wconf 87' lang='lat' dir='ltr'>superbiat</span> <span class='ocrx_word' id='word_1_81' title='bbox 626 1367 749 1427; x_wconf 90' lang='lat' dir='ltr'>Umbria</span> <span class='ocrx_word' id='word_1_82' title='bbox 761 1367 852 1437; x_wconf 88' lang='lat' dir='ltr'>libris,</span> 
     </span>
     <span class='ocr_line' id='line_1_13' title="bbox 152 1465 716 1544; baseline -0.007 -17"><span class='ocrx_word' id='word_1_83' title='bbox 152 1467 275 1527; x_wconf 85' lang='lat' dir='ltr'>Umbria</span> <span class='ocrx_word' id='word_1_84' title='bbox 288 1466 413 1527; x_wconf 87' lang='lat' dir='ltr'>Romani</span> <span class='ocrx_word' id='word_1_85' title='bbox 426 1467 523 1544; x_wconf 85' lang='lat' dir='ltr'>patria</span> <span class='ocrx_word' id='word_1_86' title='bbox 537 1465 716 1527; x_wconf 76' lang='lat' dir='ltr'>Callimachi.</span> 
     </span>
    </p>

    <p class='ocr_par' dir='ltr' id='par_1_8' title="bbox 114 1558 965 1739">
     <span class='ocr_line' id='line_1_14' title="bbox 114 1558 965 1644; baseline -0.007 -18"><span class='ocrx_word' id='word_1_87' title='bbox 114 1565 293 1626; x_wconf 70' lang='lat' dir='ltr'>scandentes</span> <span class='ocrx_word' id='word_1_88' title='bbox 307 1558 441 1644; x_wconf 88' lang='lat' dir='ltr'>quisquis</span> <span class='ocrx_word' id='word_1_89' title='bbox 455 1565 549 1624; x_wconf 89' lang='lat' dir='ltr'>cernit</span> <span class='ocrx_word' id='word_1_90' title='bbox 562 1565 598 1623; x_wconf 89' lang='lat' dir='ltr'>do</span> <span class='ocrx_word' id='word_1_91' title='bbox 611 1564 739 1624; x_wconf 84' lang='lat' dir='ltr'>vallibus</span> <span class='ocrx_word' id='word_1_92' title='bbox 752 1583 840 1634; x_wconf 83' lang='lat' dir='ltr'>arces,</span> <span class='ocrx_word' id='word_1_93' title='bbox 930 1569 965 1620; x_wconf 84' lang='grc'>65</span> 
     </span>
     <span class='ocr_line' id='line_1_15' title="bbox 153 1663 688 1739; baseline -0.004 -16"><span class='ocrx_word' id='word_1_94' title='bbox 153 1664 278 1739; x_wconf 89' lang='lat' dir='ltr'>Ingenio</span> <span class='ocrx_word' id='word_1_95' title='bbox 292 1683 391 1723; x_wconf 90' lang='lat' dir='ltr'>muros</span> <span class='ocrx_word' id='word_1_96' title='bbox 404 1663 538 1723; x_wconf 83' lang='lat' dir='ltr'>aestimet</span> <span class='ocrx_word' id='word_1_97' title='bbox 551 1663 602 1722; x_wconf 86' lang='lat' dir='ltr'>ille</span> <span class='ocrx_word' id='word_1_98' title='bbox 615 1683 688 1722; x_wconf 88' lang='lat' dir='ltr'>meo.</span> 
     </span>
    </p>

    <p class='ocr_par' dir='ltr' id='par_1_9' title="bbox 113 1763 986 1946">
     <span class='ocr_line' id='line_1_16' title="bbox 113 1763 909 1839; baseline -0.003 -17"><span class='ocrx_word' id='word_1_99' title='bbox 113 1765 215 1836; x_wconf 87' lang='lat' dir='ltr'>Roma,</span> <span class='ocrx_word' id='word_1_100' title='bbox 230 1763 307 1836; x_wconf 81' lang='lat' dir='ltr'>lave,</span> <span class='ocrx_word' id='word_1_101' title='bbox 322 1763 380 1822; x_wconf 86' lang='lat' dir='ltr'>tibi</span> <span class='ocrx_word' id='word_1_102' title='bbox 393 1763 490 1838; x_wconf 80' lang='lat' dir='ltr'>surgit</span> <span class='ocrx_word' id='word_1_103' title='bbox 502 1782 592 1839; x_wconf 89' lang='lat' dir='ltr'>opus:</span> <span class='ocrx_word' id='word_1_104' title='bbox 615 1763 682 1822; x_wconf 85' lang='lat' dir='ltr'>date</span> <span class='ocrx_word' id='word_1_105' title='bbox 696 1763 818 1822; x_wconf 86' lang='lat' dir='ltr'>candida</span> <span class='ocrx_word' id='word_1_106' title='bbox 831 1763 909 1821; x_wconf 88' lang='lat' dir='ltr'>cives</span> 
     </span>
     <span class='ocr_line' id='line_1_17' title="bbox 154 1863 986 1946; baseline -0.002 -23"><span class='ocrx_word' id='word_1_107' title='bbox 154 1864 267 1938; x_wconf 86' lang='lat' dir='ltr'>Omina,</span> <span class='ocrx_word' id='word_1_108' title='bbox 284 1867 315 1924; x_wconf 92' lang='lat' dir='ltr'>et</span> <span class='ocrx_word' id='word_1_109' title='bbox 327 1863 453 1941; x_wconf 89' lang='lat' dir='ltr'>inceptis</span> <span class='ocrx_word' id='word_1_110' title='bbox 466 1864 589 1923; x_wconf 86' lang='lat' dir='ltr'>dextera</span> <span class='ocrx_word' id='word_1_111' title='bbox 602 1866 701 1923; x_wconf 84' lang='lat' dir='ltr'>cantet</span> <span class='ocrx_word' id='word_1_112' title='bbox 714 1863 785 1922; x_wconf 86' lang='lat' dir='ltr'>avis.</span> <span class='ocrx_word' id='word_1_113' title='bbox 981 1936 986 1946; x_wconf 36' lang='grc'>1</span> 
     </span>
    </p>

    <p class='ocr_par' dir='ltr' id='par_1_10' title="bbox 114 1961 966 2138">
     <span class='ocr_line' id='line_1_18' title="bbox 114 1961 944 2041; baseline -0.004 -19"><span class='ocrx_word' id='word_1_114' title='bbox 114 1962 203 2022; x_wconf 81' lang='lat' dir='ltr'>Sacra</span> <span class='ocrx_word' id='word_1_115' title='bbox 214 1963 333 2041; x_wconf 79' lang='lat' dir='ltr'>diesque</span> <span class='ocrx_word' id='word_1_116' title='bbox 347 1983 449 2022; x_wconf 86' lang='lat' dir='ltr'>canam</span> <span class='ocrx_word' id='word_1_117' title='bbox 463 1967 493 2022; x_wconf 86' lang='lat' dir='ltr'>et</span> <span class='ocrx_word' id='word_1_118' title='bbox 507 1961 677 2037; x_wconf 86' lang='lat' dir='ltr'>cognomina</span> <span class='ocrx_word' id='word_1_119' title='bbox 689 1962 784 2038; x_wconf 86' lang='lat' dir='ltr'>prisca</span> <span class='ocrx_word' id='word_1_120' title='bbox 797 1963 925 2020; x_wconf 89' lang='lat' dir='ltr'>locorum</span> <span class='ocrx_word' id='word_1_121' title='bbox 939 1984 944 2018; x_wconf 90' lang='lat'>:</span> 
     </span>
     <span class='ocr_line' id='line_1_19' title="bbox 153 2062 966 2138; baseline -0.006 -18"><span class='ocrx_word' id='word_1_122' title='bbox 153 2062 217 2121; x_wconf 85' lang='lat' dir='ltr'>Hcs</span> <span class='ocrx_word' id='word_1_123' title='bbox 230 2082 312 2121; x_wconf 92' lang='lat' dir='ltr'>meus</span> <span class='ocrx_word' id='word_1_124' title='bbox 325 2062 468 2122; x_wconf 82' lang='lat' dir='ltr'>admotas</span> <span class='ocrx_word' id='word_1_125' title='bbox 481 2062 566 2121; x_wconf 89' lang='lat' dir='ltr'>sudet</span> <span class='ocrx_word' id='word_1_126' title='bbox 578 2063 693 2138; x_wconf 75' lang='lat' dir='ltr'>oportet</span> <span class='ocrx_word' id='word_1_127' title='bbox 706 2080 808 2137; x_wconf 90' lang='lat' dir='ltr'>equus.</span> <span class='ocrx_word' id='word_1_128' title='bbox 931 2063 966 2118; x_wconf 80' lang='lat'>70</span> 
     </span>
    </p>

    <p class='ocr_par' dir='ltr' id='par_1_11' title="bbox 117 2158 928 2319">
     <span class='ocr_line' id='line_1_20' title="bbox 117 2158 928 2238; baseline -0.011 -13"><span class='ocrx_word' id='word_1_129' title='bbox 117 2159 213 2225; x_wconf 80' lang='lat' dir='ltr'>“Quo</span> <span class='ocrx_word' id='word_1_130' title='bbox 226 2161 289 2220; x_wconf 90' lang='lat' dir='ltr'>ruis</span> <span class='ocrx_word' id='word_1_131' title='bbox 302 2161 486 2238; x_wconf 79' lang='lat' dir='ltr'>inprudens?</span> <span class='ocrx_word' id='word_1_132' title='bbox 499 2161 578 2237; x_wconf 86' lang='lat' dir='ltr'>fugo</span> <span class='ocrx_word' id='word_1_133' title='bbox 592 2160 687 2219; x_wconf 87' lang='lat' dir='ltr'>dicere</span> <span class='ocrx_word' id='word_1_134' title='bbox 699 2158 762 2218; x_wconf 80' lang='lat' dir='ltr'>lata</span> <span class='ocrx_word' id='word_1_135' title='bbox 775 2159 909 2235; x_wconf 85' lang='lat' dir='ltr'>Properti</span> <span class='ocrx_word' id='word_1_136' title='bbox 922 2181 928 2216; x_wconf 87' lang='lat'>:</span> 
     </span>
     <span class='ocr_line' id='line_1_21' title="bbox 154 2258 731 2319; baseline -0.003 -1"><span class='ocrx_word' id='word_1_137' title='bbox 154 2259 222 2318; x_wconf 89' lang='lat' dir='ltr'>Non</span> <span class='ocrx_word' id='word_1_138' title='bbox 236 2263 306 2319; x_wconf 89' lang='lat' dir='ltr'>sunt</span> <span class='ocrx_word' id='word_1_139' title='bbox 319 2280 337 2319; x_wconf 91' lang='lat' dir='ltr'>a</span> <span class='ocrx_word' id='word_1_140' title='bbox 349 2261 453 2319; x_wconf 88' lang='lat' dir='ltr'>dextro</span> <span class='ocrx_word' id='word_1_141' title='bbox 468 2259 583 2319; x_wconf 87' lang='lat' dir='ltr'>condita</span> <span class='ocrx_word' id='word_1_142' title='bbox 595 2260 646 2317; x_wconf 87' lang='lat' dir='ltr'>ffla</span> <span class='ocrx_word' id='word_1_143' title='bbox 659 2258 731 2317; x_wconf 92' lang='lat' dir='ltr'>colo.</span> 
     </span>
    </p>

    <p class='ocr_par' dir='ltr' id='par_1_12' title="bbox 115 2356 785 2534">
     <span class='ocr_line' id='line_1_22' title="bbox 115 2356 785 2433; baseline -0.003 -17"><span class='ocrx_word' id='word_1_144' title='bbox 115 2358 232 2418; x_wconf 78' lang='lat' dir='ltr'>Aversis</span> <span class='ocrx_word' id='word_1_145' title='bbox 244 2358 373 2418; x_wconf 78' lang='lat' dir='ltr'>lacrimis</span> <span class='ocrx_word' id='word_1_146' title='bbox 386 2363 504 2418; x_wconf 86' lang='lat' dir='ltr'>cantas:</span> <span class='ocrx_word' id='word_1_147' title='bbox 527 2378 645 2417; x_wconf 84' lang='lat' dir='ltr'>aversus</span> <span class='ocrx_word' id='word_1_148' title='bbox 658 2356 765 2433; x_wconf 85' lang='lat' dir='ltr'>Apollo</span> <span class='ocrx_word' id='word_1_149' title='bbox 779 2378 785 2414; x_wconf 91' lang='lat'>:</span> 
     </span>
     <span class='ocr_line' id='line_1_23' title="bbox 155 2456 737 2534; baseline -0.005 -18"><span class='ocrx_word' id='word_1_150' title='bbox 155 2457 254 2517; x_wconf 90' lang='lat' dir='ltr'>Poscis</span> <span class='ocrx_word' id='word_1_151' title='bbox 266 2459 303 2517; x_wconf 89' lang='lat' dir='ltr'>ab</span> <span class='ocrx_word' id='word_1_152' title='bbox 315 2457 411 2517; x_wconf 81' lang='lat' dir='ltr'>invita</span> <span class='ocrx_word' id='word_1_153' title='bbox 423 2458 512 2516; x_wconf 83' lang='lat' dir='ltr'>verba</span> <span class='ocrx_word' id='word_1_154' title='bbox 524 2456 650 2533; x_wconf 81' lang='lat' dir='ltr'>pigenda</span> <span class='ocrx_word' id='word_1_155' title='bbox 662 2456 737 2534; x_wconf 87' lang='lat' dir='ltr'>lyra.</span> 
     </span>
    </p>

    <p class='ocr_par' dir='ltr' id='par_1_13' title="bbox 116 2555 966 2732">
     <span class='ocr_line' id='line_1_24' title="bbox 116 2555 966 2631; baseline -0.007 -16"><span class='ocrx_word' id='word_1_156' title='bbox 116 2556 203 2616; x_wconf 78' lang='lat' dir='ltr'>Certa</span> <span class='ocrx_word' id='word_1_157' title='bbox 215 2556 308 2615; x_wconf 80' lang='lat' dir='ltr'>feram</span> <span class='ocrx_word' id='word_1_158' title='bbox 322 2556 409 2616; x_wconf 89' lang='lat' dir='ltr'>certis</span> <span class='ocrx_word' id='word_1_159' title='bbox 422 2555 608 2616; x_wconf 84' lang='lat' dir='ltr'>auctoribus:</span> <span class='ocrx_word' id='word_1_160' title='bbox 630 2555 702 2614; x_wconf 77' lang='lat' dir='ltr'>baut</span> <span class='ocrx_word' id='word_1_161' title='bbox 715 2575 767 2631; x_wconf 86' lang='lat' dir='ltr'>ego</span> <span class='ocrx_word' id='word_1_162' title='bbox 781 2559 863 2614; x_wconf 86' lang='lat' dir='ltr'>vates</span> <span class='ocrx_word' id='word_1_163' title='bbox 931 2558 966 2611; x_wconf 80' lang='lat'>75</span> 
     </span>
     <span class='ocr_line' id='line_1_25' title="bbox 155 2655 697 2732; baseline 0 -18"><span class='ocrx_word' id='word_1_164' title='bbox 155 2656 279 2715; x_wconf 86' lang='lat' dir='ltr'>Nescius</span> <span class='ocrx_word' id='word_1_165' title='bbox 292 2660 390 2715; x_wconf 87' lang='lat' dir='ltr'>aerata</span> <span class='ocrx_word' id='word_1_166' title='bbox 403 2655 487 2731; x_wconf 88' lang='lat' dir='ltr'>signa</span> <span class='ocrx_word' id='word_1_167' title='bbox 498 2674 614 2714; x_wconf 82' lang='lat' dir='ltr'>movere</span> <span class='ocrx_word' id='word_1_168' title='bbox 627 2655 697 2732; x_wconf 90' lang='lat' dir='ltr'>pila.</span> 
     </span>
    </p>

    <p class='ocr_par' dir='ltr' id='par_1_14' title="bbox 116 2754 847 2929">
     <span class='ocr_line' id='line_1_26' title="bbox 116 2754 847 2833; baseline 0.003 -20"><span class='ocrx_word' id='word_1_169' title='bbox 116 2754 166 2814; x_wconf 87' lang='lat' dir='ltr'>Me</span> <span class='ocrx_word' id='word_1_170' title='bbox 180 2757 260 2813; x_wconf 86' lang='lat' dir='ltr'>creat</span> <span class='ocrx_word' id='word_1_171' title='bbox 272 2755 422 2832; x_wconf 79' lang='lat' dir='ltr'>Archytae</span> <span class='ocrx_word' id='word_1_172' title='bbox 436 2756 548 2814; x_wconf 88' lang='lat' dir='ltr'>soboles</span> <span class='ocrx_word' id='word_1_173' title='bbox 561 2754 741 2833; x_wconf 86' lang='lat' dir='ltr'>Babylonius</span> <span class='ocrx_word' id='word_1_174' title='bbox 755 2757 847 2832; x_wconf 89' lang='lat' dir='ltr'>Orops</span> 
     </span>
     <span class='ocr_line' id='line_1_27' title="bbox 156 2853 840 2929; baseline 0.003 -18"><span class='ocrx_word' id='word_1_175' title='bbox 156 2853 279 2911; x_wconf 87' lang='lat' dir='ltr'>Horon:</span> <span class='ocrx_word' id='word_1_176' title='bbox 303 2856 333 2912; x_wconf 89' lang='lat' dir='ltr'>et</span> <span class='ocrx_word' id='word_1_177' title='bbox 346 2873 364 2911; x_wconf 86' lang='lat' dir='ltr'>a</span> <span class='ocrx_word' id='word_1_178' title='bbox 375 2873 483 2929; x_wconf 84' lang='lat' dir='ltr'>proavo</span> <span class='ocrx_word' id='word_1_179' title='bbox 496 2853 585 2913; x_wconf 91' lang='lat' dir='ltr'>ducta</span> <span class='ocrx_word' id='word_1_180' title='bbox 599 2853 714 2913; x_wconf 82' lang='lat' dir='ltr'>Oenone</span> <span class='ocrx_word' id='word_1_181' title='bbox 729 2855 840 2913; x_wconf 90' lang='lat' dir='ltr'>domus.</span> 
     </span>
    </p>

    <p class='ocr_par' dir='ltr' id='par_1_15' title="bbox 116 2951 966 3129">
     <span class='ocr_line' id='line_1_28' title="bbox 116 2951 901 3031; baseline 0.001 -21"><span class='ocrx_word' id='word_1_182' title='bbox 116 2951 157 3010; x_wconf 89' lang='lat' dir='ltr'>Di</span> <span class='ocrx_word' id='word_1_183' title='bbox 168 2951 243 3011; x_wconf 90' lang='lat' dir='ltr'>mihi</span> <span class='ocrx_word' id='word_1_184' title='bbox 256 2956 326 3012; x_wconf 94' lang='lat' dir='ltr'>sunt</span> <span class='ocrx_word' id='word_1_185' title='bbox 338 2956 428 3012; x_wconf 89' lang='lat' dir='ltr'>testes</span> <span class='ocrx_word' id='word_1_186' title='bbox 442 2973 501 3012; x_wconf 92' lang='lat' dir='ltr'>non</span> <span class='ocrx_word' id='word_1_187' title='bbox 514 2954 702 3029; x_wconf 89' lang='lat' dir='ltr'>degenerasse</span> <span class='ocrx_word' id='word_1_188' title='bbox 715 2955 901 3031; x_wconf 82' lang='lat' dir='ltr'>propinquos,</span> 
     </span>
     <span class='ocr_line' id='line_1_29' title="bbox 156 3050 966 3129; baseline -0.004 -20"><span class='ocrx_word' id='word_1_189' title='bbox 156 3050 253 3128; x_wconf 91' lang='lat' dir='ltr'>Inque</span> <span class='ocrx_word' id='word_1_190' title='bbox 266 3051 338 3110; x_wconf 89' lang='lat' dir='ltr'>meis</span> <span class='ocrx_word' id='word_1_191' title='bbox 351 3051 434 3110; x_wconf 87' lang='lat' dir='ltr'>libris</span> <span class='ocrx_word' id='word_1_192' title='bbox 447 3052 492 3110; x_wconf 91' lang='lat' dir='ltr'>nil</span> <span class='ocrx_word' id='word_1_193' title='bbox 503 3052 586 3129; x_wconf 89' lang='lat' dir='ltr'>prius</span> <span class='ocrx_word' id='word_1_194' title='bbox 600 3072 660 3111; x_wconf 89' lang='lat' dir='ltr'>esse</span> <span class='ocrx_word' id='word_1_195' title='bbox 674 3053 740 3111; x_wconf 89' lang='lat' dir='ltr'>fide.</span> <span class='ocrx_word' id='word_1_196' title='bbox 930 3059 966 3109; x_wconf 80' lang='lat'>80</span> 
     </span>
    </p>

    <p class='ocr_par' dir='ltr' id='par_1_16' title="bbox 117 3151 803 3330">
     <span class='ocr_line' id='line_1_30' title="bbox 117 3151 803 3230; baseline 0.001 -21"><span class='ocrx_word' id='word_1_197' title='bbox 117 3151 205 3210; x_wconf 88' lang='lat' dir='ltr'>Nunc</span> <span class='ocrx_word' id='word_1_198' title='bbox 217 3152 346 3228; x_wconf 87' lang='lat' dir='ltr'>pretium</span> <span class='ocrx_word' id='word_1_199' title='bbox 358 3152 454 3213; x_wconf 78' lang='lat' dir='ltr'>iecere</span> <span class='ocrx_word' id='word_1_200' title='bbox 467 3154 535 3212; x_wconf 91' lang='lat' dir='ltr'>deos</span> <span class='ocrx_word' id='word_1_201' title='bbox 549 3157 580 3213; x_wconf 92' lang='lat' dir='ltr'>et</span> <span class='ocrx_word' id='word_1_202' title='bbox 590 3152 719 3230; x_wconf 79' lang='lat' dir='ltr'>(fallitur</span> <span class='ocrx_word' id='word_1_203' title='bbox 734 3173 803 3211; x_wconf 88' lang='lat' dir='ltr'>auro</span> 
     </span>
     <span class='ocr_line' id='line_1_31' title="bbox 157 3250 777 3330; baseline 0.003 -21"><span class='ocrx_word' id='word_1_204' title='bbox 157 3250 309 3330; x_wconf 88' lang='lat' dir='ltr'>Iuppiter)</span> <span class='ocrx_word' id='word_1_205' title='bbox 324 3251 460 3330; x_wconf 84' lang='lat' dir='ltr'>obliquae</span> <span class='ocrx_word' id='word_1_206' title='bbox 474 3251 557 3327; x_wconf 90' lang='lat' dir='ltr'>signa</span> <span class='ocrx_word' id='word_1_207' title='bbox 569 3251 675 3310; x_wconf 88' lang='lat' dir='ltr'>iterata</span> <span class='ocrx_word' id='word_1_208' title='bbox 687 3255 777 3324; x_wconf 78' lang='lat' dir='ltr'>rotae,</span> 
     </span>
    </p>
   </div>
   <div class='ocr_carea' id='block_1_3' title="bbox 118 3350 1067 3505">
    <p class='ocr_par' dir='ltr' id='par_1_17' title="bbox 118 3350 1067 3505">
     <span class='ocr_line' id='line_1_32' title="bbox 118 3350 1067 3505; baseline -0.001 -96"><span class='ocrx_word' id='word_1_209' title='bbox 118 3351 291 3430; x_wconf 81' lang='lat' dir='ltr'>Felicesque</span> <span class='ocrx_word' id='word_1_210' title='bbox 305 3351 386 3412; x_wconf 86' lang='lat' dir='ltr'>Iovis</span> <span class='ocrx_word' id='word_1_211' title='bbox 399 3352 499 3413; x_wconf 83' lang='lat' dir='ltr'>stellas</span> <span class='ocrx_word' id='word_1_212' title='bbox 512 3350 676 3428; x_wconf 86' lang='lat' dir='ltr'>Martisque</span> <span class='ocrx_word' id='word_1_213' title='bbox 688 3350 809 3428; x_wconf 79' lang='lat' dir='ltr'>rapacis,</span> <span class='ocrx_word' id='word_1_214' title='bbox 1043 3384 1067 3505; x_wconf 64' lang='grc' dir='ltr'>Ι</span> 
     </span>
    </p>
   </div>
   <div class='ocr_carea' id='block_1_4' title="bbox 0 0 1094 3720">
    <p class='ocr_par' dir='ltr' id='par_1_18' title="bbox 0 0 1094 3720">
     <span class='ocr_line' id='line_1_33' title="bbox 0 0 1094 3720; baseline 0 0"><span class='ocrx_word' id='word_1_215' title='bbox 0 0 1094 3720; x_wconf 95' lang='lat' dir='ltr'> </span> 
     </span>
    </p>
   </div>
  </div>
 </body>
</html>
