2168 3720
114 215 168 278 108
320 218 538 277 PROPERTII
559 217 620 276 ΕΒ.
642 217 696 290 IV,
722 221 747 276 l.

150 377 304 436 Ducebant
317 395 430 436 macrae
442 375 515 436 vilia
529 395 608 434 sacra
620 376 718 434 boves.

111 477 205 534 Parva
219 474 344 550 saginati
356 476 523 535 lustrabant
537 474 662 552 compita
675 473 763 551 porci,

150 574 254 632 Pastor
267 577 298 633 et
311 575 348 633 ad
362 574 486 633 calamos
501 577 571 633 exta
583 573 690 632 litabat
703 572 775 632 ovis.

112 675 241 732 Verbera
252 673 375 750 pellitus
389 677 500 732 saetosa
513 674 649 732 movebat
662 675 767 744 arator,
930 678 966 730 25

150 772 237 832 Unde
249 773 342 831 licens
355 772 464 831 Fabius
478 791 558 831 sacra
571 771 721 848 Lupercus
734 772 832 830 habet.

112 872 174 930 Nec
187 871 268 929 rudis
281 871 397 930 infestis
410 871 495 929 miles
508 870 640 929 radiabat
653 869 685 927 in
698 868 805 928 armis:

151 972 315 1031 Miscebant
327 977 394 1030 usta
406 971 517 1048 praelia
529 971 609 1028 nuda
623 970 703 1028 sude.

112 1071 210 1129 Prima
223 1070 363 1146 galeritus
376 1070 476 1147 posuit
488 1060 634 1147 praetoria
647 1068 791 1145 Lygmon‚

152 1171 319 1247 Magnaque
332 1189 399 1246 pars
412 1169 496 1228 Tatio
510 1189 608 1228 rerum
622 1171 685 1226 erat
697 1167 777 1225 inter
791 1185 869 1226 oves.
932 1171 968 1224 30

113 1270 193 1328 Hinc
207 1270 320 1328 Titiens
332 1270 518 1346 Ramnesque
526 1267 586 1344 feri
599 1267 783 1343 Luceresque
797 1266 900 1341 coloni,

153 1369 300 1434 Quattuor
312 1368 383 1427 hinc
397 1368 477 1426 albos
490 1367 635 1425 Romulus
648 1366 710 1440 egit
723 1367 823 1441 equos.

114 1468 229 1544 Quippe
243 1469 425 1526 suburbanae
438 1486 529 1543 parva
542 1465 640 1523 minus
652 1466 724 1524 urbe
737 1463 883 1538 Bovillae,

153 1566 202 1638 Et,
218 1565 271 1642 qui
283 1585 362 1624 nunc
374 1565 461 1638 nulli,
476 1564 606 1623 maxima
618 1565 714 1636 turba,
731 1562 815 1636 Gabi,

114 1666 153 1724 nt
168 1665 251 1724 stetit
264 1665 342 1723 Alba
354 1668 467 1741 potens,
483 1665 566 1723 albae
580 1663 640 1722 suis
654 1663 748 1721 omine
761 1665 841 1735 nata,
932 1667 968 1722 35

153 1763 218 1821 Hac
231 1763 284 1821 nbi
297 1763 423 1822 Fidenas
437 1764 525 1838 longa
539 1765 602 1821 erat
614 1762 671 1821 isse
684 1761 741 1820 via.

114 1861 144 1918 N
144 1861 167 1918 il
179 1860 315 1937 patrium,
331 1861 390 1920 nisi
402 1881 518 1934 nomen,
533 1861 623 1919 babet
636 1861 785 1918 Romanus
799 1859 953 1920 alumnus:

154 1961 312 2035 Sanguinis
326 1961 458 2019 altricem
471 1979 531 2018 non
543 1961 634 2037 pudet
648 1979 709 2018 esse
721 1959 832 2035 lupam.

114 2062 183 2120 Huc
196 2061 301 2120 melius
314 2062 454 2139 profugos
468 2061 583 2134 misisti,
600 2061 694 2134 Troia,
710 2062 845 2120 Penates.

152 2162 222 2220 Heu
236 2161 317 2238 quali
329 2165 415 2220 vecta
428 2164 472 2221 est
485 2161 622 2219 Dardana
634 2160 741 2237 puppis
755 2160 827 2219 arei
929 2165 966 2218 40

114 2261 179 2318 Iam
191 2263 265 2319 bene
279 2260 459 2337 spondebant
472 2262 545 2319 tunc
559 2259 662 2330 omina,
680 2259 759 2335 quod
772 2258 848 2317 nibil
859 2257 943 2317 illam

153 2359 290 2418 Laeserat
304 2358 420 2433 abiegni
433 2362 538 2417 venter
552 2362 670 2434 apertus
684 2356 762 2434 equi,

115 2459 189 2517 Cum
201 2463 286 2535 pater
297 2458 329 2517 in
342 2459 405 2518 nati
419 2459 551 2536 trepidus
566 2458 677 2517 cervice
690 2457 841 2534 pependit,

154 2559 194 2616 nt
206 2558 301 2629 verita
314 2561 359 2616 est
371 2577 487 2616 umeros
501 2577 586 2616 urere
599 2556 716 2623 flamma
728 2557 800 2633 pios.

115 2656 197 2714 Tunc
211 2655 301 2714 animi
313 2676 419 2716 venere
432 2657 513 2729 Deci,
530 2657 676 2734 Brutique
690 2676 814 2731 secures,
931 2663 968 2715 45

153 2755 245 2814 Venit
259 2756 288 2813 et
301 2753 364 2830 ipsa
378 2755 424 2813 sui
438 2755 568 2814 Caesaris
581 2775 661 2814 arma
673 2755 784 2814 Venus.

114 2855 205 2911 Arma
217 2853 395 2928 resurgentis
408 2858 528 2930 portans
541 2853 674 2913 victricia
688 2853 791 2913 Troiae

154 2953 242 3011 Felix
254 2955 334 3012 terra
346 2956 413 3013 tuos
427 2953 513 3029 cepit,
530 2954 606 3026 Iule,
622 2951 709 3012 deos!

115 3052 146 3110 Si
159 3053 242 3111 modo
255 3053 411 3112 Avernalis
422 3054 567 3112 tremulae
582 3051 693 3111 cortina
708 3050 840 3128 Sibyllae

154 3151 242 3210 Dixit
255 3152 403 3211 Aventino
415 3171 485 3211 rura
498 3151 606 3228 pianda
617 3152 718 3222 Remo,
933 3155 968 3208 50

115 3250 178 3308 Aut
192 3248 216 3307 si
229 3249 402 3325 Pergameae
417 3269 478 3309 sero
492 3253 557 3309 rata
570 3249 697 3310 carmina
708 3248 786 3308 vatis

154 3348 342 3424 Longaevum
356 3350 393 3410 ad
405 3349 514 3410 Priami
528 3369 596 3411 vera
609 3349 691 3408 fuere
705 3351 811 3424 caput:
