2168 3720
112 228 148 284 76
317 227 536 287 PROPERTII
556 226 617 285 ΕΙ.
639 226 702 297 ΙΙΙ,
726 230 753 282 3.

151 383 294 443 Carminis
306 385 389 444 heroi
401 390 523 460 tangere
536 384 623 444 iussit
637 382 733 460 opus?

111 484 141 541 N
142 503 179 541 cn
191 483 239 541 hic
252 484 315 542 ulla
327 485 383 543 tibi
397 485 539 561 speranda
552 488 596 543 cst
609 483 695 555 fama,
712 479 865 557 Properti:

151 582 255 640 Mollia
268 585 338 641 sunt
350 583 448 659 parvis
461 587 546 659 prata
559 582 681 642 terenda
692 581 773 652 rotis,

111 681 155 739 Ut
167 685 238 739 tuus
250 681 283 739 in
297 701 411 740 scamno
424 681 551 740 iactetur
565 701 648 758 saepe
662 681 790 751 libellus,

152 777 245 843 Quem
258 779 339 854 legat
352 784 510 856 expectans
523 781 585 838 sola
597 779 697 856 puella
710 778 815 836 virum.
926 780 963 832 20

114 876 173 935 Cur
185 881 239 935 tua
251 879 428 954 praescripto
443 880 562 937 devecta
575 883 620 937 est
632 877 740 954 pagina
753 874 850 952 gyro?

152 977 182 1034 N
183 996 221 1035 on
234 982 278 1038 est
290 977 402 1053 ingenii
416 980 519 1056 cymba
534 977 681 1050 gravanda
694 976 749 1034 101.

74 1100 77 1109 ·
113 1076 200 1135 Alter
212 1095 310 1135 remus
324 1096 422 1154 aquas,
439 1077 515 1135 alter
527 1076 584 1135 tibi
596 1076 681 1133 radat
694 1075 817 1131 harenas
830 1093 837 1129 :

154 1175 249 1233 Tutus
262 1175 337 1233 eris:
360 1175 454 1232 medio
467 1174 596 1232 maxima
608 1175 695 1232 turba
708 1171 781 1230 mari
795 1169 870 1230 est.”

114 1273 248 1346 Dixerat,
265 1279 295 1332 et
307 1275 418 1349 plectro
433 1274 529 1331 sedem
542 1272 616 1330 mihi
628 1274 773 1330 monstrat
784 1270 904 1340 abuma,
928 1273 965 1324 25

156 1372 220 1436 Quo
233 1392 308 1431 nova
321 1391 451 1430 muscoso
466 1372 569 1430 semita
581 1371 660 1429 iacta
674 1371 734 1429 solo
748 1373 802 1427 est.

115 1471 175 1530 Hic
188 1474 251 1530 crat
264 1471 368 1529 adfixis
380 1471 483 1530 viridis
497 1471 635 1547 spelunca
647 1469 766 1547 lapillis,

155 1569 384 1646 Pendebantquc
399 1570 477 1627 cavis
490 1573 632 1646 tympana
644 1568 819 1645 pumicibus.

117 1666 194 1740 Ergo
207 1667 359 1724 Musarum
373 1672 403 1725 et
418 1667 510 1726 Sileni
523 1669 615 1744 patris
628 1669 723 1742 imago

156 1763 279 1836 Fictilis,
296 1766 326 1823 01
339 1765 451 1838 calami,
467 1766 530 1823 Pan
543 1767 680 1840 Tegeaee,
696 1765 751 1837 tui,
931 1769 967 1820 30

117 1863 158 1920 Et
170 1862 293 1921 Veneris
305 1863 437 1923 dominae
451 1866 592 1936 volucres,
608 1884 672 1923 mea
684 1865 780 1934 turba,
797 1863 947 1921 columbae

157 1961 289 2036 Tingimt
302 1962 452 2037 Gorgoneo
465 1963 573 2039 punica
585 1967 681 2022 rostra
693 1964 768 2034 lacu,

118 2060 298 2138 Diverseque
312 2081 416 2119 novem
429 2063 549 2121 sortitae
562 2063 629 2120 iura
641 2060 758 2136 puellae

158 2159 306 2218 Exercent
318 2164 433 2220 teneras
446 2161 478 2219 in
492 2181 544 2219 sna
557 2161 632 2218 dona
644 2180 756 2217 manus.

119 2258 201 2316 Haec
210 2259 331 2318 hederas
340 2260 413 2335 legIt
423 2261 456 2318 in
465 2261 589 2336 thyrsos,
600 2258 671 2316 haec
682 2257 810 2325 carmina
819 2257 918 2316 nervis
933 2261 969 2314 35

158 2356 260 2430 Aptat,
276 2361 307 2416 01
320 2358 373 2415 1110
385 2378 474 2416 mann
487 2358 564 2416 texit
578 2360 704 2431 utraque
717 2374 820 2413 rosam.

120 2454 145 2509 E
160 2473 284 2528 quarum
296 2474 417 2512 numero
430 2475 476 2513 me
490 2454 614 2528 contigit
627 2454 839 2518 unadearum:

159 2551 200 2608 Ut
213 2571 278 2609 reor
291 2571 308 2609 a
320 2552 404 2623 10010,
421 2552 568 2628 Calliopea
580 2552 658 2610 fuit:

123 2649 314 2708 “Contentus
327 2650 420 2708 niveis
434 2670 546 2727 semper
559 2653 710 2710 vectabere
724 2651 831 2728 cycnis,

160 2747 797 2824 Νο0101001100001ἀο001οᾶ0001000000.
933 2753 971 2804 40

121 2845 173 2903 Nil
186 2844 242 2903 tibi
256 2845 294 2903 sit
307 2866 394 2904 rauco
407 2846 559 2920 praeconia
573 2846 692 2905 classica
705 2866 795 2904 cornu

160 2943 255 3014 Flere,
270 2962 324 3002 nec
339 2944 467 3002 Aonium
479 2942 613 3016 tinguere
627 2945 723 3002 Marte
737 2963 849 3015 nemus,

122 3043 185 3100 Ant
198 3043 305 3118 quibus
319 3043 351 3101 in
365 3043 471 3119 campis
484 3042 616 3102 Mariano
630 3044 741 3119 praelia
755 3043 838 3117 signo

163 3140 248 3198 Stant
262 3144 292 3199 et
305 3142 478 3201 Teutonicas
491 3141 583 3198 Roma
596 3141 739 3216 refringat
753 3160 829 3216 opes,

123 3238 267 3296 Barbarus
281 3244 332 3299 aut
347 3241 439 3299 Saevo
452 3238 588 3315 perinsus
602 3239 743 3314 sanguine
757 3240 879 3298 Rhenus
933 3243 970 3295 45

164 3335 267 3394 Saucia
280 3338 421 3398 maerenti
434 3357 552 3414 corpora
564 3341 662 3398 vectet
675 3358 759 3415 aqua.
