2168 3720
140 217 156 266 8
336 212 554 271 PROPERTII
576 212 637 269 ΕΒ.
654 214 680 281 Ι,
704 219 730 271 6.
755 215 783 271 7,

179 370 220 428 Et
232 375 332 429 vetera
346 369 446 428 oblitis
458 370 524 428 iura
536 370 614 429 refer
627 371 732 430 sociis:
958 381 995 432 20

138 468 215 528 llam
227 473 281 527 tua
293 488 352 527 non
365 471 446 527 aetas
458 488 599 545 umquam
612 452 736 529 cessavit
749 471 849 544 amori,

179 567 299 642 Semper
312 571 343 624 at
356 570 483 625 armatae
496 586 567 625 cura
578 567 640 627 fuit
651 568 773 644 patriae,

138 668 178 726 Et
191 666 247 725 tibi
260 685 319 725 non
332 685 472 742 umquam
485 670 599 724 nostros
611 685 686 742 puer
697 668 755 727 iste
768 669 883 729 labores

178 766 302 825 Adferat
315 771 346 825 et
358 767 485 824 lacrimis
499 767 597 825 omnia
608 771 680 826 uota
692 767 775 826 meis.

137 867 188 925 Me
202 866 273 938 sine,
289 886 377 942 quem
391 885 505 941 semper
516 865 613 924 voluit
624 866 746 925 fortuna
757 867 862 940 iacere,
957 875 994 927 ⁶25

178 965 265 1024 Hanc
278 965 405 1023 animam
418 968 566 1023 extremae
578 965 701 1024 reddere
713 965 874 1043 nequitiae.

138 1065 229 1123 Multi
241 1063 403 1140 longinquo
415 1063 527 1138 periere
540 1063 572 1120 in
585 1083 682 1122 amore
695 1065 831 1138 libenter,

177 1167 216 1224 In
229 1185 354 1242 quorum
365 1183 487 1222 numero
500 1183 547 1222 me
560 1184 678 1241 quoque
690 1169 770 1224 terra
782 1169 874 1241 tegat,

139 1265 206 1323 Non
220 1283 272 1338 ego
286 1283 351 1322 sum
362 1262 453 1334 laudi,
468 1282 528 1320 non
540 1266 628 1321 natus
640 1264 763 1323 idoneus
776 1265 883 1325 armis:

178 1364 264 1421 Hauc
277 1381 324 1420 me
336 1360 475 1420 militiam
487 1361 550 1420 lata
563 1362 661 1420 subire
674 1363 790 1422 volunt.
958 1372 995 1423 30

139 1462 181 1520 At
192 1465 237 1533 tu,
254 1481 306 1519 seu
318 1460 416 1518 mollis
429 1456 489 1537 qua
501 1461 599 1519 tendit
611 1461 705 1536 Ionia,
721 1482 774 1521 seu
787 1482 847 1540 qua

179 1559 273 1636 Lydia
285 1557 398 1616 Pactoli
410 1558 501 1633 tingit
513 1563 597 1618 arata
609 1559 716 1636 liquor,

140 1658 199 1717 Seu
211 1656 335 1733 pedibus
347 1661 441 1714 terras
455 1676 506 1715 seu
518 1661 643 1732 pontum
657 1678 776 1734 carpere
789 1659 877 1718 remis

178 1756 250 1828 Ibis,
266 1760 297 1814 et
310 1755 422 1831 accepti
435 1773 503 1830 pars
519 1755 576 1813 eris
589 1755 715 1832 imperii,

140 1856 215 1914 Tum
227 1855 284 1914 tibi
298 1855 323 1912 si
337 1873 396 1931 qua
408 1853 466 1911 mei
479 1853 579 1912 veniet
591 1874 651 1913 non
664 1855 806 1914 inmemor
818 1858 899 1928 hora,
959 1863 995 1915 35

179 1955 285 2013 Vivere
298 1973 344 2011 me
352 1954 430 2011 duro
445 1953 539 2011 sidere
553 1959 650 2012 certus
664 1955 730 2012 eris.

541 2137 594 2174 vn.

140 2258 220 2316 Dum
233 2258 289 2317 tibi
303 2258 443 2315 Cadmeae
457 2257 605 2328 dicuntrrr,
621 2257 751 2329 Pontice,
767 2257 884 2317 Thebae

180 2359 327 2433 Armaque
339 2355 486 2414 fraternae
499 2355 598 2414 tristia
610 2355 743 2430 militiae,

141 2456 251 2531 Atque,
265 2455 309 2512 ita
322 2454 376 2512 sim
388 2453 471 2525 felir,
486 2453 580 2530 primo
594 2455 744 2514 contendis
756 2455 895 2528 Homero,

183 2553 251 2613 Sint
262 2553 346 2610 modo
359 2552 422 2611 fata
434 2552 495 2610 tuis
507 2553 608 2611 mollia
621 2552 808 2625 carminibus,

142 2653 213 2725 Nos,
228 2655 264 2710 ut
277 2671 457 2723 consuamus,
472 2655 587 2710 nostros
600 2651 745 2726 agitamus
758 2671 878 2726 amores,
981 2659 997 2711 5

182 2754 283 2828 Atque
296 2750 410 2828 aliquid
422 2751 526 2809 duram
538 2751 705 2827 quaerimus
718 2751 751 2810 in
763 2751 929 2811 dominam:

144 2852 206 2911 Nec
218 2852 336 2910 tantum
347 2848 475 2923 ingenio,
490 2852 635 2926 quantum
648 2849 757 2909 servire
770 2851 873 2924 dolori,

184 2953 277 3027 (logor
290 2953 321 3008 et
333 2948 438 3008 aetatis
449 2953 581 3024 tempora
593 2949 667 3007 dura
680 2951 773 3026 queri.

145 3052 204 3111 Hic
216 3050 289 3109 mihi
303 3048 464 3108 conteritur
473 3048 552 3106 vitae
565 3049 676 3119 modus,
688 3051 761 3109 haec
773 3070 838 3111 mea
850 3051 930 3112 fama
943 3055 998 3124 est,

184 3151 265 3210 Hinc
278 3148 363 3225 cupio
376 3167 483 3206 nomen
496 3147 632 3206 carminis
644 3149 688 3208 ire
701 3151 768 3210 mei.
964 3157 1000 3211 10

146 3252 195 3310 lle
208 3250 330 3308 laudent
343 3248 443 3305 doctae
458 3247 552 3305 solum
565 3247 709 3322 placuisse
721 3249 847 3325 puellae,

186 3347 314 3418 Pontice,
332 3350 362 3405 et
375 3345 498 3405 iniustas
512 3366 596 3422 saepe
610 3347 713 3406 tulisse
727 3349 839 3407 minas:
