2168 3720
135 193 172 244 40
312 185 529 244 PROPERTII
550 187 610 244 ΕΒ.
627 187 671 257 Π,
691 191 805 277 1213..

173 345 204 404 si
217 347 308 420 pudor
321 347 374 415 est,
391 344 447 402 alio
461 343 551 403 traice
566 345 624 402 tela
636 348 698 402 tua.

133 445 263 502 Intactos
276 443 333 502 isto
348 442 439 502 satius
452 446 595 518 temptare
609 462 738 502 veneno:

171 543 238 601 Nou
252 564 314 618 ego,
330 544 380 601 sed
392 543 491 601 tenuis
503 543 625 618 vapulat
637 545 742 602 umbra
754 562 828 601 mea.
950 548 986 600 20

133 642 228 706 Quam
243 643 267 700 si
280 641 449 718 perdideris,
466 641 532 717 quis
546 641 602 700 erit
617 641 669 718 qui
681 640 754 700 talia
767 644 868 700 cantet

171 740 267 817 (Haec
281 760 345 798 mea
355 740 441 798 Musa
454 740 528 798 levis
542 740 635 814 gloria
647 759 752 815 magna
765 743 819 798 tua
833 741 901 817 est),

132 839 189 902 (lui
203 842 291 915 caput
305 842 335 897 et
348 839 455 913 digitos
469 842 500 897 et
512 839 625 897 lumina
638 839 722 913 nigra
735 839 853 914 puellae

170 939 209 995 Et
223 941 308 996 canat
321 942 356 996 ut
370 938 482 997 soleant
494 938 623 996 molliter
635 939 679 996 ire
692 938 805 1014 pedes?

525 1136 593 1174 1111.

131 1235 197 1294 Non
211 1239 257 1295 tot
271 1237 476 1296 Achaemeniis
490 1240 639 1295 armantur
655 1237 731 1295 Susa
745 1236 871 1312 sagittis,

171 1335 292 1411 Spicula
306 1339 379 1412 quot
392 1339 492 1394 nostro
505 1339 621 1411 pectore
635 1335 703 1394 fixit
716 1337 816 1394 Amor.

131 1433 189 1492 Hic
204 1455 250 1493 me
263 1439 325 1493 tam
339 1436 462 1510 graciles
475 1435 572 1495 vetuit
586 1439 769 1494 contemnere
783 1435 895 1506 Musas,

169 1533 263 1592 Iussit
277 1537 307 1592 et
320 1535 480 1592 Ascraeum
495 1534 535 1592 sic
549 1534 682 1592 habitare
695 1553 807 1607 nemus,

130 1630 197 1689 Non
210 1634 245 1690 ut
259 1631 371 1690 Pieriae
386 1651 510 1708 quercus
523 1652 587 1690 mea
600 1634 689 1691 verba
703 1635 873 1709 sequantur,
968 1638 985 1688 5
997 1682 1000 1687 .

170 1731 234 1787 Aut
247 1730 354 1805 possim
368 1730 492 1788 Ismaria
505 1731 610 1789 ducere
623 1731 701 1790 vallo
713 1731 799 1803 feras,

131 1829 188 1886 Sed
200 1829 293 1903 magis
307 1832 344 1887 ut
356 1832 456 1887 nostro
470 1830 608 1905 stupefiat
622 1829 750 1906 Cynthia
763 1849 867 1889 versu:

169 1928 251 1986 Tunc
267 1947 320 2002 ego
335 1927 390 1985 sim
404 1927 526 1985 Inachio
540 1928 636 1986 notior
650 1932 712 1987 arte
727 1927 812 1986 Iino.

129 2027 158 2085 N
159 2047 196 2086 on
215 2047 267 2102 ego
283 2048 347 2086 sum
360 2028 470 2089 formae
483 2034 600 2090 tantum
613 2030 734 2088 mirator
746 2030 895 2102 honestae,

169 2128 232 2186 Nec
246 2128 271 2185 si
286 2147 345 2204 qua
358 2128 489 2188 illustres
502 2131 612 2188 femina
624 2131 715 2189 iactat
728 2149 796 2188 avos
809 2151 816 2188 :
954 2131 990 2185 10

76 2235 78 2240 '
130 2226 178 2284 Me
195 2226 279 2285 iuvet
291 2227 324 2284 in
338 2229 446 2302 gremio
461 2230 561 2288 doctae
575 2229 681 2302 legisse
693 2229 820 2304 puellae,

167 2325 299 2384 Auribus
313 2324 343 2384 et
356 2327 438 2403 puris
453 2328 561 2404 scripta
573 2330 708 2403 probasse
721 2346 794 2386 mea.

128 2422 210 2481 Haec
223 2425 275 2482 ubi
290 2426 475 2498 contigerint,
492 2427 595 2503 populi
609 2425 729 2484 confusa
742 2426 840 2484 valeto

170 2521 301 2580 Fabula:
323 2542 391 2580 uam
405 2524 521 2583 domina
534 2525 630 2583 iudice
643 2528 728 2583 tutus
742 2543 800 2582 ero.

131 2621 212 2685 Quae
226 2621 251 2678 si
264 2620 340 2680 forte
353 2624 443 2683 bonas
457 2626 493 2682 ad
506 2644 607 2701 paoem
620 2624 743 2683 verterit
756 2643 849 2696 aures,
951 2627 987 2681 15

170 2721 292 2778 Possum
304 2705 473 2782 inimicitias
487 2727 559 2782 tuno
573 2744 626 2799 ego
639 2724 716 2782 ferre
730 2723 820 2781 Iovis.

131 2818 379 2897 Quandocumque
399 2821 492 2896 igitur
510 2827 625 2883 nostros
643 2842 719 2881 mors
740 2822 858 2880 claudet
871 2821 987 2892 ocellos,

171 2916 280 2994 Accipe
294 2938 369 2995 quae
383 2940 480 2979 serves
492 2920 605 2980 timeris
618 2926 684 2981 acta
695 2921 764 2980 mei.

128 3017 158 3074 N
159 3037 191 3075 eo
205 3038 271 3076 mea
283 3022 356 3078 tunc
370 3021 458 3095 longa
472 3023 616 3097 spatietur
629 3023 757 3097 imagine
770 3041 884 3099 pompa,

167 3115 229 3173 Nec
244 3119 316 3176 tuba
332 3119 440 3177 sitisti
454 3140 530 3178 vana
543 3122 675 3197 querella
688 3121 755 3192 mei,
951 3125 988 3177 20

129 3213 191 3271 Nec
205 3215 277 3272 mihi
290 3219 362 3275 tunc
375 3217 470 3276 fulcro
485 3221 634 3278 sternatur
646 3221 741 3279 lectus
755 3222 875 3292 eburno,

167 3312 230 3370 Nee
245 3313 283 3372 sit
297 3314 329 3372 in
342 3305 473 3375 Attalico
487 3336 563 3376 mors
577 3338 641 3377 mea
654 3319 727 3378 nixa
740 3324 814 3380 toro.
