<?xml version="1.0" encoding="UTF-8"?>
<!DOCTYPE html PUBLIC "-//W3C//DTD XHTML 1.0 Transitional//EN"
    "http://www.w3.org/TR/xhtml1/DTD/xhtml1-transitional.dtd">
<html xmlns="http://www.w3.org/1999/xhtml" xml:lang="en" lang="en">
 <head>
  <title>
</title>
<meta http-equiv="Content-Type" content="text/html;charset=utf-8" />
  <meta name='ocr-system' content='tesseract 3.04.00' />
  <meta name='ocr-capabilities' content='ocr_page ocr_carea ocr_par ocr_line ocrx_word'/>
</head>
<body>
  <div class='ocr_page' id='page_1' title='image "./elegiarumlibrii00palmgoog_0049.png"; bbox 0 0 2168 3720; ppageno 0'>
   <div class='ocr_carea' id='block_1_1' title="bbox 112 185 652 244">
    <p class='ocr_par' dir='ltr' id='par_1_1' title="bbox 112 185 652 244">
     <span class='ocr_line' id='line_1_1' title="bbox 112 185 652 244; baseline 0.002 -1"><span class='ocrx_word' id='word_1_1' title='bbox 112 188 145 244; x_wconf 88' lang='lat' dir='ltr'><strong>xl</strong></span> <span class='ocrx_word' id='word_1_2' title='bbox 413 185 652 244; x_wconf 81' lang='lat' dir='ltr'><strong>PRAEFATIO.</strong></span> 
     </span>
    </p>
   </div>
   <div class='ocr_carea' id='block_1_2' title="bbox 30 344 971 2966">
    <p class='ocr_par' dir='ltr' id='par_1_2' title="bbox 111 344 966 517">
     <span class='ocr_line' id='line_1_2' title="bbox 154 344 966 415; baseline 0.002 -13"><span class='ocrx_word' id='word_1_3' title='bbox 154 349 199 402; x_wconf 86' lang='lat'><strong>14.</strong></span> <span class='ocrx_word' id='word_1_4' title='bbox 223 349 269 401; x_wconf 83' lang='lat'><strong>28.</strong></span> <span class='ocrx_word' id='word_1_5' title='bbox 291 345 421 403; x_wconf 73' lang='lat' dir='ltr'><strong>adoratae</strong></span> <span class='ocrx_word' id='word_1_6' title='bbox 434 344 508 402; x_wconf 71' lang='lat' dir='ltr'><strong>domi</strong></span> <span class='ocrx_word' id='word_1_7' title='bbox 520 344 557 415; x_wconf 88' lang='lat' dir='ltr'><strong>N,</strong></span> <span class='ocrx_word' id='word_1_8' title='bbox 573 344 624 403; x_wconf 87' lang='lat' dir='ltr'><strong>H:</strong></span> <span class='ocrx_word' id='word_1_9' title='bbox 648 345 774 402; x_wconf 72' lang='grc'><strong>88888188</strong></span> <span class='ocrx_word' id='word_1_10' title='bbox 787 363 876 402; x_wconf 73' lang='lat' dir='ltr'><strong>comae</strong></span> <span class='ocrx_word' id='word_1_11' title='bbox 891 344 966 404; x_wconf 81' lang='lat' dir='ltr'><strong>Gan·</strong></span> 
     </span>
     <span class='ocr_line' id='line_1_3' title="bbox 111 442 924 517; baseline -0.002 -15"><span class='ocrx_word' id='word_1_12' title='bbox 111 447 201 514; x_wconf 79' lang='grc'><strong>18888,</strong></span> <span class='ocrx_word' id='word_1_13' title='bbox 214 443 313 516; x_wconf 86' lang='lat' dir='ltr'><strong>vulgo.</strong></span> <span class='ocrx_word' id='word_1_14' title='bbox 625 447 670 500; x_wconf 88' lang='grc'><strong>14.</strong></span> <span class='ocrx_word' id='word_1_15' title='bbox 693 447 741 502; x_wconf 83' lang='lat'><strong>29.</strong></span> <span class='ocrx_word' id='word_1_16' title='bbox 762 443 874 517; x_wconf 65' lang='grc'><strong>1898881</strong></span> <span class='ocrx_word' id='word_1_17' title='bbox 885 442 924 501; x_wconf 89' lang='lat' dir='ltr'><strong>N.</strong></span> 
     </span>
    </p>

    <p class='ocr_par' dir='ltr' id='par_1_3' title="bbox 110 541 968 1216">
     <span class='ocr_line' id='line_1_4' title="bbox 155 541 965 618; baseline -0.002 -16"><span class='ocrx_word' id='word_1_18' title='bbox 155 547 200 602; x_wconf 84' lang='lat'><strong>14.</strong></span> <span class='ocrx_word' id='word_1_19' title='bbox 223 548 271 600; x_wconf 84' lang='lat'><strong>31.</strong></span> <span class='ocrx_word' id='word_1_20' title='bbox 292 541 351 602; x_wconf 81' lang='lat' dir='ltr'><strong>Nec</strong></span> <span class='ocrx_word' id='word_1_21' title='bbox 360 561 428 618; x_wconf 78' lang='lat' dir='ltr'><strong>quac</strong></span> <span class='ocrx_word' id='word_1_22' title='bbox 441 542 500 600; x_wconf 77' lang='grc'><strong>8181</strong></span> <span class='ocrx_word' id='word_1_23' title='bbox 506 542 597 617; x_wconf 78' lang='lat' dir='ltr'><strong>facies</strong></span> <span class='ocrx_word' id='word_1_24' title='bbox 610 561 658 600; x_wconf 80' lang='lat' dir='ltr'><strong>nec</strong></span> <span class='ocrx_word' id='word_1_25' title='bbox 670 561 738 618; x_wconf 78' lang='lat' dir='ltr'><strong>quac</strong></span> <span class='ocrx_word' id='word_1_26' title='bbox 751 542 809 602; x_wconf 76' lang='lat' dir='ltr'><strong>sict</strong></span> <span class='ocrx_word' id='word_1_27' title='bbox 823 542 907 602; x_wconf 77' lang='grc'><strong>88818</strong></span> <span class='ocrx_word' id='word_1_28' title='bbox 918 562 965 600; x_wconf 87' lang='lat' dir='ltr'><strong>ro·</strong></span> 
     </span>
     <span class='ocr_line' id='line_1_5' title="bbox 110 640 966 719; baseline 0 -19"><span class='ocrx_word' id='word_1_29' title='bbox 110 641 199 719; x_wconf 68' lang='grc'><strong>988811</strong></span> <span class='ocrx_word' id='word_1_30' title='bbox 214 641 252 712; x_wconf 88' lang='lat' dir='ltr'><strong>N,</strong></span> <span class='ocrx_word' id='word_1_31' title='bbox 273 640 313 711; x_wconf 89' lang='lat' dir='ltr'><strong>H,</strong></span> <span class='ocrx_word' id='word_1_32' title='bbox 328 641 427 714; x_wconf 84' lang='lat' dir='ltr'><strong>vulgo,</strong></span> <span class='ocrx_word' id='word_1_33' title='bbox 452 659 540 717; x_wconf 88' lang='lat' dir='ltr'><strong>quem</strong></span> <span class='ocrx_word' id='word_1_34' title='bbox 562 659 680 699; x_wconf 84' lang='lat' dir='ltr'><strong>versum</strong></span> <span class='ocrx_word' id='word_1_35' title='bbox 703 660 749 700; x_wconf 92' lang='lat' dir='ltr'><strong>me</strong></span> <span class='ocrx_word' id='word_1_36' title='bbox 770 660 830 699; x_wconf 89' lang='lat' dir='ltr'><strong>non</strong></span> <span class='ocrx_word' id='word_1_37' title='bbox 851 640 966 700; x_wconf 89' lang='lat' dir='ltr'><strong>intelli·</strong></span> 
     </span>
     <span class='ocr_line' id='line_1_6' title="bbox 113 740 967 818; baseline -0.001 -17"><span class='ocrx_word' id='word_1_38' title='bbox 113 762 181 818; x_wconf 85' lang='lat' dir='ltr'><strong>gere</strong></span> <span class='ocrx_word' id='word_1_39' title='bbox 197 741 300 800; x_wconf 83' lang='lat' dir='ltr'><strong>fateor.</strong></span> <span class='ocrx_word' id='word_1_40' title='bbox 341 743 400 799; x_wconf 75' lang='lat' dir='ltr'><strong>aiat</strong></span> <span class='ocrx_word' id='word_1_41' title='bbox 420 740 453 798; x_wconf 93' lang='lat' dir='ltr'><strong>in</strong></span> <span class='ocrx_word' id='word_1_42' title='bbox 476 741 523 813; x_wconf 75' lang='grc'><strong>811,</strong></span> <span class='ocrx_word' id='word_1_43' title='bbox 547 740 628 799; x_wconf 80' lang='lat' dir='ltr'><strong>verba</strong></span> <span class='ocrx_word' id='word_1_44' title='bbox 648 742 681 800; x_wconf 92' lang='lat' dir='ltr'><strong>in</strong></span> <span class='ocrx_word' id='word_1_45' title='bbox 697 761 770 813; x_wconf 85' lang='grc'><strong>8888,</strong></span> <span class='ocrx_word' id='word_1_46' title='bbox 794 741 967 818; x_wconf 67' lang='grc'><strong>8898881118</strong></span> 
     </span>
     <span class='ocr_line' id='line_1_7' title="bbox 112 840 968 918; baseline -0.004 -17"><span class='ocrx_word' id='word_1_47' title='bbox 112 842 231 918; x_wconf 67' lang='grc'><strong>88988818</strong></span> <span class='ocrx_word' id='word_1_48' title='bbox 250 840 372 912; x_wconf 84' lang='lat' dir='ltr'><strong>mutavi,</strong></span> <span class='ocrx_word' id='word_1_49' title='bbox 394 841 438 899; x_wconf 88' lang='grc'><strong>118</strong></span> <span class='ocrx_word' id='word_1_50' title='bbox 455 844 491 899; x_wconf 94' lang='lat' dir='ltr'><strong>ut</strong></span> <span class='ocrx_word' id='word_1_51' title='bbox 511 859 612 899; x_wconf 89' lang='lat' dir='ltr'><strong>sensus</strong></span> <span class='ocrx_word' id='word_1_52' title='bbox 634 844 729 901; x_wconf 86' lang='lat' dir='ltr'><strong>esset:</strong></span> <span class='ocrx_word' id='word_1_53' title='bbox 748 840 816 900; x_wconf 90' lang='lat' dir='ltr'><strong>Nec</strong></span> <span class='ocrx_word' id='word_1_54' title='bbox 836 841 968 915; x_wconf 86' lang='lat' dir='ltr'><strong>rogando</strong></span> 
     </span>
     <span class='ocr_line' id='line_1_8' title="bbox 112 939 967 1018; baseline 0 -20"><span class='ocrx_word' id='word_1_55' title='bbox 112 940 245 1000; x_wconf 86' lang='lat' dir='ltr'><strong>invenire</strong></span> <span class='ocrx_word' id='word_1_56' title='bbox 258 944 356 1018; x_wconf 89' lang='lat' dir='ltr'><strong>potest</strong></span> <span class='ocrx_word' id='word_1_57' title='bbox 369 944 481 999; x_wconf 84' lang='lat' dir='ltr'><strong>amator</strong></span> <span class='ocrx_word' id='word_1_58' title='bbox 495 960 570 1017; x_wconf 87' lang='lat' dir='ltr'><strong>quae</strong></span> <span class='ocrx_word' id='word_1_59' title='bbox 584 940 623 999; x_wconf 92' lang='lat' dir='ltr'><strong>sit</strong></span> <span class='ocrx_word' id='word_1_60' title='bbox 634 939 733 1012; x_wconf 76' lang='grc'><strong>188188,</strong></span> <span class='ocrx_word' id='word_1_61' title='bbox 748 959 802 998; x_wconf 89' lang='lat' dir='ltr'><strong>nec</strong></span> <span class='ocrx_word' id='word_1_62' title='bbox 816 959 893 1017; x_wconf 82' lang='lat' dir='ltr'><strong>quac</strong></span> <span class='ocrx_word' id='word_1_63' title='bbox 907 939 967 998; x_wconf 91' lang='lat' dir='ltr'><strong>sint</strong></span> 
     </span>
     <span class='ocr_line' id='line_1_9' title="bbox 111 1037 965 1116; baseline -0.002 -18"><span class='ocrx_word' id='word_1_64' title='bbox 111 1061 181 1101; x_wconf 84' lang='lat' dir='ltr'><strong>vers</strong></span> <span class='ocrx_word' id='word_1_65' title='bbox 194 1060 233 1100; x_wconf 87' lang='lat' dir='ltr'><strong>ex</strong></span> <span class='ocrx_word' id='word_1_66' title='bbox 246 1059 299 1099; x_wconf 87' lang='lat' dir='ltr'><strong>sua</strong></span> <span class='ocrx_word' id='word_1_67' title='bbox 313 1040 414 1116; x_wconf 86' lang='lat' dir='ltr'><strong>puella</strong></span> <span class='ocrx_word' id='word_1_68' title='bbox 430 1038 509 1098; x_wconf 90' lang='lat' dir='ltr'><strong>inter</strong></span> <span class='ocrx_word' id='word_1_69' title='bbox 528 1043 589 1098; x_wconf 85' lang='lat' dir='ltr'><strong>tem</strong></span> <span class='ocrx_word' id='word_1_70' title='bbox 607 1039 702 1098; x_wconf 88' lang='lat' dir='ltr'><strong>multa</strong></span> <span class='ocrx_word' id='word_1_71' title='bbox 720 1038 804 1097; x_wconf 84' lang='grc'><strong>18188.</strong></span> <span class='ocrx_word' id='word_1_72' title='bbox 847 1037 892 1097; x_wconf 81' lang='lat' dir='ltr'><strong>uf.</strong></span> <span class='ocrx_word' id='word_1_73' title='bbox 910 1038 965 1097; x_wconf 89' lang='lat' dir='ltr'><strong>Ov.</strong></span> 
     </span>
     <span class='ocr_line' id='line_1_10' title="bbox 112 1139 885 1216; baseline -0.005 -18"><span class='ocrx_word' id='word_1_74' title='bbox 112 1139 195 1198; x_wconf 86' lang='lat' dir='ltr'><strong>Rem.</strong></span> <span class='ocrx_word' id='word_1_75' title='bbox 213 1144 269 1197; x_wconf 82' lang='lat'><strong>343</strong></span> <span class='ocrx_word' id='word_1_76' title='bbox 284 1158 383 1216; x_wconf 88' lang='lat' dir='ltr'><strong>seqq.:</strong></span> <span class='ocrx_word' id='word_1_77' title='bbox 704 1196 705 1199; x_wconf 68' lang='grc'>,</span> <span class='ocrx_word' id='word_1_78' title='bbox 880 1139 885 1146; x_wconf 86' lang='grc'>’</span> 
     </span>
    </p>

    <p class='ocr_par' dir='ltr' id='par_1_4' title="bbox 241 1246 929 1482">
     <span class='ocr_line' id='line_1_11' title="bbox 241 1246 845 1312; baseline -0.003 -14"><span class='ocrx_word' id='word_1_79' title='bbox 241 1247 386 1298; x_wconf 77' lang='lat' dir='ltr'><strong>Auferimur</strong></span> <span class='ocrx_word' id='word_1_80' title='bbox 396 1248 480 1298; x_wconf 90' lang='lat' dir='ltr'><strong>cultu:</strong></span> <span class='ocrx_word' id='word_1_81' title='bbox 493 1246 596 1312; x_wconf 85' lang='lat' dir='ltr'><strong>gemmis</strong></span> <span class='ocrx_word' id='word_1_82' title='bbox 606 1261 715 1312; x_wconf 86' lang='lat' dir='ltr'><strong>auroque</strong></span> <span class='ocrx_word' id='word_1_83' title='bbox 725 1250 845 1310; x_wconf 77' lang='lat' dir='ltr'><strong>tegimtru</strong></span> 
     </span>
     <span class='ocr_line' id='line_1_12' title="bbox 274 1330 823 1396; baseline -0.004 -14"><span class='ocrx_word' id='word_1_84' title='bbox 274 1332 377 1382; x_wconf 83' lang='lat' dir='ltr'><strong>Omnia:</strong></span> <span class='ocrx_word' id='word_1_85' title='bbox 389 1349 446 1396; x_wconf 89' lang='lat' dir='ltr'><strong>pars</strong></span> <span class='ocrx_word' id='word_1_86' title='bbox 456 1331 559 1382; x_wconf 86' lang='lat' dir='ltr'><strong>minima</strong></span> <span class='ocrx_word' id='word_1_87' title='bbox 570 1337 608 1382; x_wconf 88' lang='lat' dir='ltr'><strong>est</strong></span> <span class='ocrx_word' id='word_1_88' title='bbox 617 1331 672 1395; x_wconf 82' lang='lat' dir='ltr'><strong>ipsa</strong></span> <span class='ocrx_word' id='word_1_89' title='bbox 682 1331 766 1395; x_wconf 77' lang='lat' dir='ltr'><strong>puelia</strong></span> <span class='ocrx_word' id='word_1_90' title='bbox 776 1330 823 1380; x_wconf 89' lang='lat' dir='ltr'><strong>sui.</strong></span> 
     </span>
     <span class='ocr_line' id='line_1_13' title="bbox 242 1415 929 1482; baseline 0 -16"><span class='ocrx_word' id='word_1_91' title='bbox 242 1417 320 1480; x_wconf 80' lang='lat' dir='ltr'><strong>Saepe</strong></span> <span class='ocrx_word' id='word_1_92' title='bbox 330 1416 374 1466; x_wconf 93' lang='lat' dir='ltr'><strong>ubi</strong></span> <span class='ocrx_word' id='word_1_93' title='bbox 384 1415 417 1467; x_wconf 87' lang='lat' dir='ltr'><strong>sit</strong></span> <span class='ocrx_word' id='word_1_94' title='bbox 427 1419 493 1482; x_wconf 85' lang='lat' dir='ltr'><strong>quod</strong></span> <span class='ocrx_word' id='word_1_95' title='bbox 503 1432 570 1466; x_wconf 86' lang='lat' dir='ltr'><strong>ames</strong></span> <span class='ocrx_word' id='word_1_96' title='bbox 580 1416 646 1466; x_wconf 83' lang='lat' dir='ltr'><strong>inter</strong></span> <span class='ocrx_word' id='word_1_97' title='bbox 656 1421 707 1466; x_wconf 80' lang='lat' dir='ltr'><strong>tam</strong></span> <span class='ocrx_word' id='word_1_98' title='bbox 718 1416 797 1466; x_wconf 83' lang='lat' dir='ltr'><strong>multu</strong></span> <span class='ocrx_word' id='word_1_99' title='bbox 807 1415 929 1481; x_wconf 75' lang='lat' dir='ltr'><strong>requiras.</strong></span> 
     </span>
    </p>

    <p class='ocr_par' dir='ltr' id='par_1_5' title="bbox 113 1513 968 1791">
     <span class='ocr_line' id='line_1_14' title="bbox 153 1513 968 1589; baseline -0.001 -16"><span class='ocrx_word' id='word_1_100' title='bbox 153 1515 222 1574; x_wconf 84' lang='lat' dir='ltr'><strong>Alia</strong></span> <span class='ocrx_word' id='word_1_101' title='bbox 234 1514 308 1574; x_wconf 90' lang='lat' dir='ltr'><strong>ratio</strong></span> <span class='ocrx_word' id='word_1_102' title='bbox 318 1534 398 1573; x_wconf 86' lang='lat' dir='ltr'><strong>meae</strong></span> <span class='ocrx_word' id='word_1_103' title='bbox 410 1514 545 1573; x_wconf 86' lang='lat' dir='ltr'><strong>lectionis</strong></span> <span class='ocrx_word' id='word_1_104' title='bbox 558 1515 675 1586; x_wconf 83' lang='lat' dir='ltr'><strong>existat,</strong></span> <span class='ocrx_word' id='word_1_105' title='bbox 693 1514 813 1589; x_wconf 75' lang='lat' dir='ltr'><strong>sisariae</strong></span> <span class='ocrx_word' id='word_1_106' title='bbox 826 1533 879 1589; x_wconf 86' lang='lat' dir='ltr'><strong>pro</strong></span> <span class='ocrx_word' id='word_1_107' title='bbox 892 1513 968 1572; x_wconf 84' lang='grc'><strong>18818</strong></span> 
     </span>
     <span class='ocr_line' id='line_1_15' title="bbox 113 1612 968 1692; baseline -0.005 -18"><span class='ocrx_word' id='word_1_108' title='bbox 113 1616 188 1674; x_wconf 84' lang='lat' dir='ltr'><strong>falsa</strong></span> <span class='ocrx_word' id='word_1_109' title='bbox 211 1615 357 1692; x_wconf 80' lang='lat' dir='ltr'><strong>capiamus</strong></span> <span class='ocrx_word' id='word_1_110' title='bbox 383 1614 548 1692; x_wconf 63' lang='grc'><strong>(88818888).</strong></span> <span class='ocrx_word' id='word_1_111' title='bbox 590 1614 627 1671; x_wconf 83' lang='lat' dir='ltr'><strong>cf.</strong></span> <span class='ocrx_word' id='word_1_112' title='bbox 653 1618 679 1670; x_wconf 94' lang='grc'><strong>1.</strong></span> <span class='ocrx_word' id='word_1_113' title='bbox 703 1618 747 1670; x_wconf 87' lang='grc'><strong>15.</strong></span> <span class='ocrx_word' id='word_1_114' title='bbox 764 1616 799 1670; x_wconf 84' lang='grc'><strong>6;</strong></span> <span class='ocrx_word' id='word_1_115' title='bbox 821 1613 862 1671; x_wconf 85' lang='lat' dir='ltr'><strong>Et</strong></span> <span class='ocrx_word' id='word_1_116' title='bbox 879 1612 968 1687; x_wconf 87' lang='lat' dir='ltr'><strong>longa</strong></span> 
     </span>
     <span class='ocr_line' id='line_1_16' title="bbox 114 1713 487 1791; baseline -0.005 -20"><span class='ocrx_word' id='word_1_117' title='bbox 114 1714 219 1773; x_wconf 81' lang='lat' dir='ltr'><strong>facicm</strong></span> <span class='ocrx_word' id='word_1_118' title='bbox 233 1734 355 1791; x_wconf 81' lang='lat' dir='ltr'><strong>quarere</strong></span> <span class='ocrx_word' id='word_1_119' title='bbox 368 1713 487 1772; x_wconf 88' lang='lat' dir='ltr'><strong>desidia.</strong></span> 
     </span>
    </p>

    <p class='ocr_par' dir='ltr' id='par_1_6' title="bbox 158 1811 614 1888">
     <span class='ocr_line' id='line_1_17' title="bbox 158 1811 614 1888; baseline -0.007 -17"><span class='ocrx_word' id='word_1_120' title='bbox 158 1818 202 1871; x_wconf 82' lang='lat'><strong>14.</strong></span> <span class='ocrx_word' id='word_1_121' title='bbox 225 1818 272 1871; x_wconf 86' lang='lat'><strong>33.</strong></span> <span class='ocrx_word' id='word_1_122' title='bbox 286 1813 364 1888; x_wconf 81' lang='lat' dir='ltr'><strong>feres</strong></span> <span class='ocrx_word' id='word_1_123' title='bbox 376 1812 415 1871; x_wconf 93' lang='lat' dir='ltr'><strong>N.</strong></span> <span class='ocrx_word' id='word_1_124' title='bbox 457 1811 614 1869; x_wconf 71' lang='grc'><strong>1888188811.</strong></span> 
     </span>
    </p>

    <p class='ocr_par' dir='ltr' id='par_1_7' title="bbox 30 1911 970 2484">
     <span class='ocr_line' id='line_1_18' title="bbox 157 1911 969 1988; baseline -0.004 -17"><span class='ocrx_word' id='word_1_125' title='bbox 157 1919 202 1972; x_wconf 88' lang='grc'><strong>15.</strong></span> <span class='ocrx_word' id='word_1_126' title='bbox 225 1920 252 1972; x_wconf 90' lang='grc'><strong>3.</strong></span> <span class='ocrx_word' id='word_1_127' title='bbox 269 1913 462 1988; x_wconf 62' lang='grc'><strong>8888881111.</strong></span> <span class='ocrx_word' id='word_1_128' title='bbox 492 1913 595 1970; x_wconf 77' lang='lat' dir='ltr'><strong>amicus</strong></span> <span class='ocrx_word' id='word_1_129' title='bbox 608 1911 648 1968; x_wconf 91' lang='lat' dir='ltr'><strong>N.</strong></span> <span class='ocrx_word' id='word_1_130' title='bbox 673 1911 969 1985; x_wconf 67' lang='grc'><strong>888818818888881818</strong></span> 
     </span>
     <span class='ocr_line' id='line_1_19' title="bbox 116 2010 969 2089; baseline -0.007 -16"><span class='ocrx_word' id='word_1_131' title='bbox 116 2016 156 2086; x_wconf 90' lang='lat' dir='ltr'><strong>H,</strong></span> <span class='ocrx_word' id='word_1_132' title='bbox 166 2015 264 2089; x_wconf 78' lang='lat' dir='ltr'><strong>vulgo.</strong></span> <span class='ocrx_word' id='word_1_133' title='bbox 287 2013 396 2089; x_wconf 82' lang='lat' dir='ltr'><strong>Scripsi</strong></span> <span class='ocrx_word' id='word_1_134' title='bbox 403 2011 555 2089; x_wconf 87' lang='lat' dir='ltr'><strong>utN(nisi</strong></span> <span class='ocrx_word' id='word_1_135' title='bbox 564 2011 642 2088; x_wconf 89' lang='lat' dir='ltr'><strong>quod</strong></span> <span class='ocrx_word' id='word_1_136' title='bbox 650 2012 765 2069; x_wconf 76' lang='grc'><strong>88818188</strong></span> <span class='ocrx_word' id='word_1_137' title='bbox 773 2029 826 2087; x_wconf 86' lang='lat' dir='ltr'><strong>pro</strong></span> <span class='ocrx_word' id='word_1_138' title='bbox 837 2010 969 2088; x_wconf 50' lang='lat' dir='ltr'><strong>cenicum:</strong></span> 
     </span>
     <span class='ocr_line' id='line_1_20' title="bbox 116 2109 969 2189; baseline -0.007 -17"><span class='ocrx_word' id='word_1_139' title='bbox 116 2113 238 2172; x_wconf 78' lang='grc'><strong>88118188</strong></span> <span class='ocrx_word' id='word_1_140' title='bbox 251 2132 303 2189; x_wconf 88' lang='lat' dir='ltr'><strong>pro</strong></span> <span class='ocrx_word' id='word_1_141' title='bbox 316 2112 421 2171; x_wconf 78' lang='grc'><strong>8818188</strong></span> <span class='ocrx_word' id='word_1_142' title='bbox 434 2111 543 2170; x_wconf 90' lang='lat' dir='ltr'><strong>malim.</strong></span> <span class='ocrx_word' id='word_1_143' title='bbox 586 2110 694 2169; x_wconf 80' lang='lat' dir='ltr'><strong>Sensus</strong></span> <span class='ocrx_word' id='word_1_144' title='bbox 708 2113 770 2168; x_wconf 88' lang='lat' dir='ltr'><strong>est:</strong></span> <span class='ocrx_word' id='word_1_145' title='bbox 788 2109 969 2186; x_wconf 83' lang='lat' dir='ltr'><strong>‘Postquam</strong></span> 
     </span>
     <span class='ocr_line' id='line_1_21' title="bbox 114 2207 968 2289; baseline -0.006 -18"><span class='ocrx_word' id='word_1_146' title='bbox 114 2213 209 2288; x_wconf 88' lang='lat' dir='ltr'><strong>pudor</strong></span> <span class='ocrx_word' id='word_1_147' title='bbox 220 2212 341 2289; x_wconf 87' lang='lat' dir='ltr'><strong>puerilis</strong></span> <span class='ocrx_word' id='word_1_148' title='bbox 355 2231 443 2288; x_wconf 88' lang='lat' dir='ltr'><strong>quem</strong></span> <span class='ocrx_word' id='word_1_149' title='bbox 456 2230 554 2268; x_wconf 88' lang='lat' dir='ltr'><strong>secum</strong></span> <span class='ocrx_word' id='word_1_150' title='bbox 567 2212 739 2285; x_wconf 87' lang='lat' dir='ltr'><strong>praetextus</strong></span> <span class='ocrx_word' id='word_1_151' title='bbox 753 2207 879 2267; x_wconf 86' lang='lat' dir='ltr'><strong>amictus</strong></span> <span class='ocrx_word' id='word_1_152' title='bbox 892 2207 968 2267; x_wconf 82' lang='lat' dir='ltr'><strong>fere-</strong></span> 
     </span>
     <span class='ocr_line' id='line_1_22' title="bbox 30 2302 970 2385; baseline -0.005 -16"><span class='ocrx_word' id='word_1_153' title='bbox 30 2302 34 2311; x_wconf 71' lang='grc'><em>’</em></span> <span class='ocrx_word' id='word_1_154' title='bbox 115 2313 167 2369; x_wconf 90' lang='lat' dir='ltr'><strong>bat</strong></span> <span class='ocrx_word' id='word_1_155' title='bbox 180 2314 249 2385; x_wconf 86' lang='lat' dir='ltr'><strong>toga</strong></span> <span class='ocrx_word' id='word_1_156' title='bbox 261 2309 342 2369; x_wconf 85' lang='lat' dir='ltr'><strong>virili</strong></span> <span class='ocrx_word' id='word_1_157' title='bbox 354 2310 468 2368; x_wconf 85' lang='lat' dir='ltr'><strong>velatus</strong></span> <span class='ocrx_word' id='word_1_158' title='bbox 487 2308 550 2367; x_wconf 88' lang='lat' dir='ltr'><strong>est’</strong></span> <span class='ocrx_word' id='word_1_159' title='bbox 592 2309 642 2366; x_wconf 88' lang='lat' dir='ltr'><strong>Ita</strong></span> <span class='ocrx_word' id='word_1_160' title='bbox 661 2307 719 2366; x_wconf 89' lang='lat' dir='ltr'><strong>iam</strong></span> <span class='ocrx_word' id='word_1_161' title='bbox 738 2306 799 2366; x_wconf 88' lang='grc'><strong>8111.</strong></span> <span class='ocrx_word' id='word_1_162' title='bbox 840 2306 970 2381; x_wconf 78' lang='lat' dir='ltr'><strong>Vulgata</strong></span> 
     </span>
     <span class='ocr_line' id='line_1_23' title="bbox 116 2404 967 2484; baseline -0.006 -16"><span class='ocrx_word' id='word_1_163' title='bbox 116 2410 233 2468; x_wconf 87' lang='lat' dir='ltr'><strong>nullum</strong></span> <span class='ocrx_word' id='word_1_164' title='bbox 244 2411 496 2484; x_wconf 88' lang='lat' dir='ltr'><strong>sensumpraebet.</strong></span> <span class='ocrx_word' id='word_1_165' title='bbox 518 2408 625 2466; x_wconf 77' lang='lat' dir='ltr'><strong>ablutas</strong></span> <span class='ocrx_word' id='word_1_166' title='bbox 636 2406 787 2465; x_wconf 87' lang='lat' dir='ltr'><strong>Heinsius.</strong></span> <span class='ocrx_word' id='word_1_167' title='bbox 808 2404 967 2464; x_wconf 81' lang='grc'><strong>8181888111.</strong></span> 
     </span>
    </p>

    <p class='ocr_par' dir='ltr' id='par_1_8' title="bbox 118 2508 971 2966">
     <span class='ocr_line' id='line_1_24' title="bbox 159 2508 968 2583; baseline -0.004 -15"><span class='ocrx_word' id='word_1_168' title='bbox 159 2515 205 2568; x_wconf 84' lang='lat'><strong>15.</strong></span> <span class='ocrx_word' id='word_1_169' title='bbox 228 2510 255 2568; x_wconf 85' lang='lat'><strong>7.</strong></span> <span class='ocrx_word' id='word_1_170' title='bbox 277 2515 326 2569; x_wconf 80' lang='grc'><strong>881</strong></span> <span class='ocrx_word' id='word_1_171' title='bbox 339 2510 377 2581; x_wconf 92' lang='lat' dir='ltr'><strong>N,</strong></span> <span class='ocrx_word' id='word_1_172' title='bbox 392 2510 467 2568; x_wconf 77' lang='grc'><strong>18881</strong></span> <span class='ocrx_word' id='word_1_173' title='bbox 479 2509 519 2581; x_wconf 90' lang='lat' dir='ltr'><strong>H,</strong></span> <span class='ocrx_word' id='word_1_174' title='bbox 534 2509 633 2583; x_wconf 79' lang='lat' dir='ltr'><strong>vulgo.</strong></span> <span class='ocrx_word' id='word_1_175' title='bbox 676 2508 707 2567; x_wconf 79' lang='lat' dir='ltr'><strong>Si</strong></span> <span class='ocrx_word' id='word_1_176' title='bbox 721 2513 770 2566; x_wconf 80' lang='grc'><strong>881</strong></span> <span class='ocrx_word' id='word_1_177' title='bbox 784 2508 968 2579; x_wconf 79' lang='lat' dir='ltr'><strong>servandum,</strong></span> 
     </span>
     <span class='ocr_line' id='line_1_25' title="bbox 118 2605 970 2682; baseline -0.005 -14"><span class='ocrx_word' id='word_1_178' title='bbox 118 2609 203 2669; x_wconf 79' lang='grc'><strong>888118</strong></span> <span class='ocrx_word' id='word_1_179' title='bbox 211 2609 243 2666; x_wconf 90' lang='lat' dir='ltr'><strong>iu</strong></span> <span class='ocrx_word' id='word_1_180' title='bbox 250 2609 348 2682; x_wconf 72' lang='lat' dir='ltr'><strong>paullo</strong></span> <span class='ocrx_word' id='word_1_181' title='bbox 356 2612 469 2667; x_wconf 89' lang='lat' dir='ltr'><strong>mutare</strong></span> <span class='ocrx_word' id='word_1_182' title='bbox 479 2628 595 2667; x_wconf 89' lang='lat' dir='ltr'><strong>necesse</strong></span> <span class='ocrx_word' id='word_1_183' title='bbox 605 2607 671 2668; x_wconf 86' lang='lat' dir='ltr'><strong>erit.</strong></span> <span class='ocrx_word' id='word_1_184' title='bbox 712 2607 860 2664; x_wconf 80' lang='lat' dir='ltr'><strong>Punctum</strong></span> <span class='ocrx_word' id='word_1_185' title='bbox 869 2605 902 2664; x_wconf 91' lang='lat' dir='ltr'><strong>in</strong></span> <span class='ocrx_word' id='word_1_186' title='bbox 911 2607 970 2665; x_wconf 88' lang='lat' dir='ltr'><strong>fine</strong></span> 
     </span>
     <span class='ocr_line' id='line_1_26' title="bbox 121 2706 971 2782; baseline -0.004 -16"><span class='ocrx_word' id='word_1_187' title='bbox 121 2728 220 2767; x_wconf 88' lang='lat' dir='ltr'><strong>versus</strong></span> <span class='ocrx_word' id='word_1_188' title='bbox 238 2708 354 2767; x_wconf 78' lang='lat' dir='ltr'><strong>sustuli.</strong></span> <span class='ocrx_word' id='word_1_189' title='bbox 396 2708 551 2767; x_wconf 67' lang='lat' dir='ltr'><strong>structura</strong></span> <span class='ocrx_word' id='word_1_190' title='bbox 569 2706 642 2764; x_wconf 91' lang='lat' dir='ltr'><strong>mihi</strong></span> <span class='ocrx_word' id='word_1_191' title='bbox 655 2706 773 2764; x_wconf 86' lang='lat' dir='ltr'><strong>videtur</strong></span> <span class='ocrx_word' id='word_1_192' title='bbox 785 2706 971 2782; x_wconf 80' lang='lat' dir='ltr'><strong>hyperbaton</strong></span> 
     </span>
     <span class='ocr_line' id='line_1_27' title="bbox 119 2803 971 2866; baseline -0.004 0"><span class='ocrx_word' id='word_1_193' title='bbox 119 2827 181 2866; x_wconf 89' lang='lat' dir='ltr'><strong>esse</strong></span> <span class='ocrx_word' id='word_1_194' title='bbox 195 2807 265 2866; x_wconf 90' lang='lat' dir='ltr'><strong>satis</strong></span> <span class='ocrx_word' id='word_1_195' title='bbox 282 2809 406 2866; x_wconf 83' lang='lat' dir='ltr'><strong>durum:</strong></span> <span class='ocrx_word' id='word_1_196' title='bbox 435 2807 569 2865; x_wconf 84' lang='lat' dir='ltr'><strong>‘Tertius</strong></span> <span class='ocrx_word' id='word_1_197' title='bbox 588 2805 707 2865; x_wconf 78' lang='lat' dir='ltr'><strong>ducitur</strong></span> <span class='ocrx_word' id='word_1_198' title='bbox 725 2824 818 2862; x_wconf 88' lang='lat' dir='ltr'><strong>annus</strong></span> <span class='ocrx_word' id='word_1_199' title='bbox 837 2823 904 2863; x_wconf 85' lang='lat' dir='ltr'><strong>cum</strong></span> <span class='ocrx_word' id='word_1_200' title='bbox 918 2803 971 2863; x_wconf 86' lang='lat' dir='ltr'><strong>vix</strong></span> 
     </span>
     <span class='ocr_line' id='line_1_28' title="bbox 120 2904 670 2966; baseline -0.004 -2"><span class='ocrx_word' id='word_1_201' title='bbox 120 2907 219 2966; x_wconf 88' lang='lat' dir='ltr'><strong>decem</strong></span> <span class='ocrx_word' id='word_1_202' title='bbox 232 2908 320 2965; x_wconf 86' lang='lat' dir='ltr'><strong>verba</strong></span> <span class='ocrx_word' id='word_1_203' title='bbox 333 2906 416 2966; x_wconf 89' lang='lat' dir='ltr'><strong>nobis</strong></span> <span class='ocrx_word' id='word_1_204' title='bbox 430 2906 518 2964; x_wconf 86' lang='lat' dir='ltr'><strong>coisse</strong></span> <span class='ocrx_word' id='word_1_205' title='bbox 531 2904 670 2963; x_wconf 66' lang='lat' dir='ltr'><strong>memini!</strong></span> 
     </span>
    </p>
   </div>
   <div class='ocr_carea' id='block_1_3' title="bbox 120 3002 971 3181">
    <p class='ocr_par' dir='ltr' id='par_1_9' title="bbox 120 3002 971 3181">
     <span class='ocr_line' id='line_1_29' title="bbox 182 3002 971 3080; baseline -0.001 -18"><span class='ocrx_word' id='word_1_206' title='bbox 182 3009 227 3063; x_wconf 82' lang='lat'><strong>15.</strong></span> <span class='ocrx_word' id='word_1_207' title='bbox 252 3011 297 3078; x_wconf 91' lang='lat'><strong>11,</strong></span> <span class='ocrx_word' id='word_1_208' title='bbox 322 3011 367 3064; x_wconf 79' lang='lat'><strong>12.</strong></span> <span class='ocrx_word' id='word_1_209' title='bbox 390 3007 427 3064; x_wconf 91' lang='lat' dir='ltr'><strong>In</strong></span> <span class='ocrx_word' id='word_1_210' title='bbox 440 3004 523 3064; x_wconf 86' lang='lat' dir='ltr'><strong>libris</strong></span> <span class='ocrx_word' id='word_1_211' title='bbox 542 3008 609 3080; x_wconf 87' lang='lat' dir='ltr'><strong>post</strong></span> <span class='ocrx_word' id='word_1_212' title='bbox 623 3008 660 3060; x_wconf 83' lang='lat'><strong>44</strong></span> <span class='ocrx_word' id='word_1_213' title='bbox 674 3004 823 3078; x_wconf 84' lang='lat' dir='ltr'><strong>leguntur.</strong></span> <span class='ocrx_word' id='word_1_214' title='bbox 866 3002 971 3061; x_wconf 84' lang='lat' dir='ltr'><strong>Trans-</strong></span> 
     </span>
     <span class='ocr_line' id='line_1_30' title="bbox 120 3102 971 3181; baseline 0 -19"><span class='ocrx_word' id='word_1_215' title='bbox 120 3103 226 3179; x_wconf 89' lang='lat' dir='ltr'><strong>positio</strong></span> <span class='ocrx_word' id='word_1_216' title='bbox 242 3104 401 3164; x_wconf 87' lang='lat' dir='ltr'><strong>certissima</strong></span> <span class='ocrx_word' id='word_1_217' title='bbox 419 3106 455 3163; x_wconf 85' lang='lat' dir='ltr'><strong>ab</strong></span> <span class='ocrx_word' id='word_1_218' title='bbox 476 3103 635 3162; x_wconf 83' lang='lat' dir='ltr'><strong>editoribus</strong></span> <span class='ocrx_word' id='word_1_219' title='bbox 654 3103 783 3181; x_wconf 88' lang='lat' dir='ltr'><strong>antiquis</strong></span> <span class='ocrx_word' id='word_1_220' title='bbox 804 3102 883 3163; x_wconf 86' lang='grc'><strong>18818</strong></span> <span class='ocrx_word' id='word_1_221' title='bbox 897 3123 914 3162; x_wconf 90' lang='grc'><strong>8</strong></span> <span class='ocrx_word' id='word_1_222' title='bbox 926 3123 971 3162; x_wconf 90' lang='lat' dir='ltr'><strong>re-</strong></span> 
     </span>
    </p>
   </div>
   <div class='ocr_carea' id='block_1_4' title="bbox 123 3204 792 3381">
    <p class='ocr_par' dir='ltr' id='par_1_10' title="bbox 123 3204 792 3381">
     <span class='ocr_line' id='line_1_31' title="bbox 123 3204 792 3280; baseline -0.003 -18"><span class='ocrx_word' id='word_1_223' title='bbox 123 3204 255 3263; x_wconf 88' lang='lat' dir='ltr'><strong>centibus</strong></span> <span class='ocrx_word' id='word_1_224' title='bbox 268 3206 402 3279; x_wconf 86' lang='lat' dir='ltr'><strong>neglecta</strong></span> <span class='ocrx_word' id='word_1_225' title='bbox 416 3209 468 3264; x_wconf 88' lang='lat' dir='ltr'><strong>est.</strong></span> <span class='ocrx_word' id='word_1_226' title='bbox 511 3204 555 3263; x_wconf 76' lang='lat' dir='ltr'><strong>cf.</strong></span> <span class='ocrx_word' id='word_1_227' title='bbox 572 3210 598 3262; x_wconf 88' lang='grc'><strong>3.</strong></span> <span class='ocrx_word' id='word_1_228' title='bbox 617 3209 662 3261; x_wconf 90' lang='grc'><strong>19.</strong></span> <span class='ocrx_word' id='word_1_229' title='bbox 679 3209 705 3275; x_wconf 90' lang='grc'><strong>9,</strong></span> <span class='ocrx_word' id='word_1_230' title='bbox 722 3223 792 3280; x_wconf 79' lang='lat' dir='ltr'><strong>seqq.</strong></span> 
     </span>
     <span class='ocr_line' id='line_1_32' title="bbox 165 3303 530 3381; baseline 0.011 -22"><span class='ocrx_word' id='word_1_231' title='bbox 165 3307 208 3360; x_wconf 83' lang='lat'><strong>15.</strong></span> <span class='ocrx_word' id='word_1_232' title='bbox 235 3307 279 3362; x_wconf 90' lang='grc'><strong>13.</strong></span> <span class='ocrx_word' id='word_1_233' title='bbox 300 3303 381 3364; x_wconf 78' lang='lat' dir='ltr'><strong>Nora</strong></span> <span class='ocrx_word' id='word_1_234' title='bbox 394 3304 479 3381; x_wconf 67' lang='grc'><strong>818918</strong></span> <span class='ocrx_word' id='word_1_235' title='bbox 493 3304 530 3363; x_wconf 92' lang='lat' dir='ltr'><strong>N.</strong></span> 
     </span>
    </p>
   </div>
   <div class='ocr_carea' id='block_1_5' title="bbox 0 0 1098 3720">
    <p class='ocr_par' dir='ltr' id='par_1_11' title="bbox 0 0 1098 3720">
     <span class='ocr_line' id='line_1_33' title="bbox 0 0 1098 3720; baseline 0 0"><span class='ocrx_word' id='word_1_236' title='bbox 0 0 1098 3720; x_wconf 95' lang='lat' dir='ltr'><strong> </strong></span> 
     </span>
    </p>
   </div>
  </div>
 </body>
</html>
