2168 3720
131 195 167 247 38
312 186 529 250 PROPERTII
551 191 611 250 aL.
633 192 678 262 ΙΙ,
703 196 730 248 9.
756 195 801 248 10.

169 347 254 406 Solus
268 368 325 421 ero,
342 349 480 426 quoniam
492 368 552 407 non
565 349 636 409 licet
649 368 711 408 esse
724 352 821 408 tuum.

128 449 229 524 Atque
242 448 364 522 utinam,
380 449 404 506 si
416 449 494 508 forte
506 449 570 524 pios
583 448 738 508 eduximus
752 467 851 519 annos,

168 547 226 604 Ille
239 545 285 604 vir
298 547 330 605 in
343 547 437 606 medic
451 548 504 605 fiat
517 566 613 605 amore
626 545 719 622 lapis!

128 643 196 701 Non
209 646 245 703 ob
258 663 348 719 regna
361 646 454 719 magis
466 645 537 704 diris
552 645 679 703 cecidere
693 645 748 703 sub
761 644 851 702 armis

169 743 300 802 Thebani
313 743 408 802 media
420 763 479 802 non
493 745 554 802 sine
567 747 660 803 matre
674 745 770 815 duces,
947 749 985 800 50

129 841 232 912 Quam,
247 842 321 900 mihi
335 841 360 900 si
372 842 467 901 media
479 843 568 901 liceat
580 862 712 918 pugnare
724 842 835 918 puella,

166 940 293 999 Mortem
306 960 359 1015 ego
372 960 431 999 non
443 940 557 1016 fugiam
569 944 663 1000 morte
677 940 776 999 subire
790 944 853 1000 tua.

543 1139 573 1175 X.

128 1236 186 1294 Sed
198 1240 314 1312 tempus
326 1238 451 1295 lustrare
466 1237 531 1296 11111
545 1237 690 1296 Helicona
703 1237 824 1308 choreis,

167 1334 207 1392 Et
221 1354 353 1411 campum
366 1335 528 1394 Haemonio
541 1335 600 1393 iam
613 1336 682 1394 dare
695 1339 812 1410 tempus
826 1352 913 1411 equo.

127 1432 192 1490 Iam
206 1432 280 1491 libet
293 1436 324 1491 11
336 1433 428 1492 fortes
441 1453 599 1492 memorare
612 1434 649 1492 ad
661 1433 772 1510 praelia
784 1437 908 1504 turmas,

167 1531 207 1589 Et
221 1531 353 1590 Romana
365 1531 423 1589 mei
436 1532 531 1591 dicere
545 1535 639 1592 eastra
651 1533 744 1592 ducis.

128 1629 213 1693 Quod
226 1630 251 1688 si
264 1630 401 1689 deficiant
414 1631 500 1704 vires,
517 1632 637 1690 audacia
651 1636 729 1692 certe
964 1639 982 1690 5

166 1729 244 1787 Laus
258 1730 331 1788 erit:
354 1731 387 1788 in
400 1730 513 1804 magnis
527 1734 557 1790 et
569 1731 697 1790 voluisse
710 1734 823 1791 111111.

126 1828 217 1886 Aetas
231 1827 325 1904 prima
338 1833 423 1888 canat
435 1830 574 1901 Veneres,
590 1834 722 1889 extrema
735 1830 901 1890 tumultus:

165 1928 250 1986 Bella
263 1947 372 2000 canam,
389 1930 505 2006 quando
520 1929 628 2006 scripta
640 1930 740 2005 puella
754 1950 818 1988 mea
831 1934 885 1990 111.

127 2027 215 2085 Nune
228 2028 294 2085 volo
308 2028 450 2086 subducto
465 2028 581 2102 gravior
593 2029 747 2103 procedere
760 2030 857 2102 vultu,

165 2126 254 2184 Nunc
268 2125 354 2184 aliam
368 2126 510 2185 citharam
522 2146 568 2183 me
582 2146 647 2184 mea
659 2127 746 2184 Musa
758 2127 852 2186 docet.
945 2133 983 2186 10

128 2224 229 2298 Surge,
241 2224 345 2297 anima,
357 2245 395 2283 ex
408 2224 531 2282 humili:
554 2224 613 2281 iam
627 2223 755 2283 carmina
769 2225 875 2284 sumite
885 2225 982 2299 vires;

165 2323 302 2396 Pierides,
317 2324 416 2398 magni
429 2344 507 2382 nunc
521 2323 578 2382 erit
591 2323 648 2382 1111
661 2343 742 2400 opus.

126 2421 191 2478 Iam
204 2424 294 2495 negat
307 2423 472 2498 Euphrates
487 2422 616 2498 equitem
629 2425 696 2498 post
707 2425 791 2496 terga
804 2422 883 2480 tueri

166 2520 348 2591 Parthorum,
365 2524 396 2578 et
410 2521 526 2579 Crassos
540 2541 570 2579 se
584 2521 714 2580 tenuisse
727 2521 807 2579 dolet
819 2543 827 2579 :

126 2618 213 2675 India
227 2619 307 2695 quia,
323 2619 466 2693 Auguste,
482 2624 537 2678 tuo
549 2621 600 2679 dat
613 2622 687 2679 colla
700 2620 858 2697 triumpho,
944 2624 980 2678 15

166 2717 206 2775 Et
219 2718 320 2776 domus
332 2716 460 2776 intactae
474 2722 504 2777 te
517 2719 619 2779 tremit
632 2719 756 2778 Arabiae
769 2740 776 2778 :

127 2818 166 2876 111
180 2818 204 2875 11
218 2838 277 2894 qua
290 2817 429 2874 extremis
442 2818 532 2875 tellus
546 2838 576 2875 se
591 2818 738 2878 subtrahit
751 2819 817 2890 oris,

167 2917 281 2975 Sentiat
293 2916 347 2973 illa
359 2919 426 2974 tuas
439 2919 506 2991 post
519 2917 602 2974 modo
616 2921 701 2994 capta
713 2937 826 2976 manus.

126 3015 208 3072 Haec
221 3035 275 3089 ego
289 3018 382 3073 castra
395 3033 517 3090 sequar:
541 3018 624 3073 vates
637 3019 689 3074 tua
701 3020 795 3075 castra
809 3017 939 3075 canendo

165 3114 291 3187 Magnus
305 3133 372 3171 ero:
395 3114 512 3171 servent
524 3113 603 3170 huuc
616 3113 689 3171 mihi
701 3114 764 3173 1111
777 3115 871 3174 diem!
940 3121 980 3174 20

125 3212 168 3268 Ut
183 3215 271 3287 caput
283 3211 314 3269 in
328 3211 441 3286 magnis
454 3211 506 3269 ubi
519 3231 578 3268 non
593 3214 637 3269 est
650 3215 770 3286 tangere
785 3213 886 3290 signis,

165 3311 288 3370 Ponitur
301 3312 350 3371 hio
364 3311 437 3370 imos
451 3315 518 3371 ante
532 3331 636 3370 corona
648 3312 745 3390 pedes,
