2168 3720
116 200 184 258 xxii
421 199 662 258 PRAEFATIO.

111 357 222 433 elegiae
242 356 291 415 hio
309 357 423 431 fecisse,
444 358 611 416 credentem
625 363 657 416 tc
671 357 789 435 loqueris
803 378 866 418 esse
879 362 972 419 verba

112 456 267 533 Propertii.
323 509 331 519 .

152 560 200 615 23.
222 556 270 614 27.
291 556 375 614 sudor
406 555 445 613 N.
496 557 579 614 surdo
603 556 707 614 Hertz.
732 576 798 615 cum
822 557 972 632 scaligero

111 653 244 731 pessime,
266 653 401 730 sequenti
414 655 494 712 hunc
508 674 625 713 versum
638 655 809 729 adiungens.
848 663 851 669 '
874 705 877 710 .

154 758 202 811 23.
224 757 272 810 28.
295 754 428 828 ingenuas
438 753 477 811 N.
506 754 633 829 ingenuis
647 754 902 830 Paleius,optime.

152 857 199 910 23.
223 856 270 911 32.
299 851 396 910 Ureret
404 851 442 909 N.
458 853 566 910 comice
580 853 618 924 N,
635 852 676 924 H,
693 873 747 911 acc
760 853 832 912 mitt
844 854 889 912 ed.
922 837 974 913 Ita

117 951 242 1010 Ovidius
263 952 298 1009 de
319 951 411 1009 stulto
431 954 547 1010 amante
563 971 593 1010 se
610 952 791 1028 decipiente:
813 954 880 1011 Am.
896 959 925 1012 2.
942 959 971 1014 2.

114 1057 160 1108 58.
202 1051 318 1109 Viderit
340 1051 403 1127 ipse
428 1049 500 1109 licet
525 1051 623 1109 credet
644 1054 744 1109 tamen
764 1052 816 1110 ille
839 1053 971 1126 neganti,

113 1149 331 1226 Damnabitque
345 1150 443 1208 oculos
457 1152 487 1208 et
502 1149 557 1208 sibi
571 1151 659 1208 verba
672 1150 763 1209 dabit.

156 1254 203 1309 23.
226 1253 274 1306 40.
296 1248 346 1306 At
359 1249 397 1319 N,
414 1248 459 1306 Ac
472 1248 553 1306 Ha
564 1248 602 1320 N,
618 1268 670 1324 pro
684 1250 739 1307 aed.

155 1353 203 1405 24.
229 1351 325 1406 l.=24.
350 1349 396 1405 17.
422 1348 463 1405 H.
516 1346 648 1405 Sedecim
685 1347 799 1405 ultimis
836 1349 973 1408 versibus

115 1446 225 1521 elegiae
240 1444 395 1520 superioris
409 1445 555 1519 adhaeret,
572 1445 609 1503 N.
651 1447 707 1504 crit
720 1447 758 1504 N.

156 1550 203 1602 24.
227 1549 274 1615 20,
298 1549 345 1602 21.
370 1544 435 1602 abac
449 1545 489 1602 N.

157 1648 204 1701 24.
227 1648 274 1701 22.
296 1643 392 1700 navita
418 1642 503 1715 libri3
526 1662 597 1702 corr.
620 1643 789 1702 Beroaldus.
830 1645 907 1704 baad
931 1648 976 1706 ita

118 1741 272 1800 Heinsius.

158 1845 206 1897 24.
230 1845 276 1898 35.
299 1840 396 1899 Hc‘N.
438 1839 469 1897 Ic'
481 1839 521 1898 H.
563 1840 792 1899 IdDresdensis.
839 1839 1000 1902 Niconi.⁴

119 1938 336 1997 Lachmannus.

160 2043 207 2095 25.
230 2043 258 2097 2.
280 2038 387 2097 ecladc't
400 2038 439 2096 N.
454 2037 530 2095 accit
543 2036 581 2107 N,
598 2041 610 2094 t
624 2057 713 2095 erasa.
755 2038 882 2098 Exludit
903 2059 976 2116 quo·

121 2136 201 2195 niam
215 2157 275 2196 sors
288 2157 362 2209 mea,
381 2142 400 2170 “
412 2154 496 2211 saepe
510 2135 602 2202 ceat‚’‘
618 2135 733 2208 Hertz,
750 2137 874 2196 editores
887 2139 978 2214 pleri·

123 2255 190 2311 que.
233 2236 323 2294 Hanc
353 2235 508 2293 absurdam
537 2233 694 2292 lectionem
725 2253 820 2310 nuper
849 2238 979 2312 explosit

122 2334 299 2409 Madvigius,
310 2335 426 2393 nescius
438 2332 578 2406 Scaligeri
588 2333 785 2392 coniecturam
794 2355 823 2393 se
833 2340 976 2411 repetere.

163 2438 210 2490 25.
234 2438 261 2490 9.
284 2434 396 2490 deducet
408 2431 486 2490 libri.
528 2432 637 2489 diducet
650 2432 800 2491 Heinsius.

164 2537 211 2589 25.
236 2531 282 2589 17.
302 2530 379 2589 callo
405 2530 484 2591 libri.
525 2530 619 2588 callus
639 2531 685 2589 ed.
706 2533 755 2590 vel
774 2531 856 2590 calli.
899 2533 978 2592 Olim

123 2631 273 2707 sufflamine
287 2629 474 2687 conieceram.

164 2735 212 2788 25.
235 2734 282 2788 35.
305 2730 453 2787 Punctum
472 2733 539 2805 post
550 2729 648 2805 forent
671 2729 764 2805 posui,
791 2745 849 2807 quo
876 2752 979 2792 sensus

123 2829 239 2889 facilius
261 2827 389 2902 intelligi
411 2832 517 2903 posset.
560 2829 684 2887 Sensum
704 2828 737 2885 in
764 2829 891 2888 editione
919 2852 979 2890 sec-

124 2929 204 2986 unda
222 2931 301 2987 recte
322 2927 459 3003 exposuit
477 2927 613 2986 Peleius:
638 2926 693 2985 “si
711 2929 825 2986 saecula
842 2931 950 2989 nuncf
968 2967 980 2977 -

125 3032 192 3085 rent
206 3027 305 3104 qualia
317 3027 425 3102 puellis
438 3025 618 3102 temporibus
631 3025 734 3101 priscis
752 3028 939 3103 placebant.''

166 3130 214 3183 25.
237 3125 285 3182 37.
305 3124 447 3183 mutabant
460 3124 498 3184 N.
540 3123 771 3183 Terminationes
779 3128 933 3186 verborum
944 3130 978 3202 it,

126 3229 165 3295 at,
182 3228 226 3281 et:
248 3227 306 3293 cat,
328 3228 388 3295 oct,
405 3228 451 3281 cot
469 3222 502 3281 in
525 3222 684 3299 archetypo
702 3223 882 3299 distinguere
900 3228 982 3287 haud

124 3323 211 3382 taeile
225 3327 296 3382 erat.
522 3327 569 3380 25.
592 3326 639 3379 40.
664 3321 702 3380 st
712 3322 750 3380 N.
792 3330 886 3384 nostro
900 3327 939 3385 N.
