2168 3720
125 221 162 272 aa
314 217 781 291 racenarnuu.11,1.a

165 373 279 432 Colchis
292 373 424 433 Iolciacis
438 379 506 434 urat
519 395 591 434 aena
603 376 684 448 focis,
865 453 868 459 .

124 474 191 530 Una
203 492 281 530 meos
295 473 432 549 quoniam
445 475 583 550 praedata
597 477 641 533 est
654 475 764 533 femina
778 493 889 548 sensus,
938 481 977 533 55

164 572 211 629 Ex
224 572 278 629 hac
292 571 436 630 ducentur
448 572 553 631 funera
565 578 666 632 nostra
678 575 772 632 domo.

125 672 231 728 Omnes
243 671 385 729 humanos
399 675 482 730 sanat
495 672 638 730 medicina
652 673 764 731 dolores
778 694 784 730 :

164 770 249 829 Solus
262 790 342 829 amor
354 771 447 830 morbi
461 791 520 829 non
534 775 612 830 amat
626 771 777 830 artificem.

124 869 218 928 Tarda
231 870 411 929 Philoctetae
425 871 538 930 sanavit
553 890 636 929 cmra
649 871 801 943 Machaon,

164 968 316 1027 Phoenicis
330 969 438 1027 Chiron
452 970 564 1028 lumina
577 970 764 1047 Phillyrides,
941 976 978 1028 60

125 1067 165 1124 Et
178 1067 249 1125 deus
263 1067 428 1126 extinctum
442 1069 550 1127 Cressis
564 1069 740 1145 Epidaurius
753 1069 851 1128 herbis

164 1166 308 1224 Restituit
320 1166 424 1241 patriis
437 1168 631 1241 Androgeona
644 1168 725 1240 focis,

125 1265 226 1340 Mysus
239 1269 270 1324 et
282 1266 443 1325 Haemonii
454 1266 569 1326 iuvenis
583 1287 642 1344 qua
655 1267 775 1343 cuspide
788 1267 899 1326 vulnus

166 1363 309 1436 Senserat,
324 1366 379 1424 hac
392 1366 456 1442 ipsa
469 1366 587 1442 cuspide
602 1362 693 1425 sensit
706 1385 798 1442 opem.

126 1461 191 1519 Hoc
205 1463 229 1520 si
243 1463 308 1538 quis
321 1464 429 1524 vitium
441 1464 550 1540 poterit
563 1464 636 1523 mihi
650 1465 773 1536 demere,
790 1465 870 1523 solus
941 1471 977 1522 65

165 1561 319 1620 Tantaleae
332 1564 441 1639 poterit
454 1565 569 1623 tradere
583 1583 669 1641 poma
681 1583 790 1622 manu:

127 1660 213 1718 Dolia
226 1659 365 1735 virgineis
377 1661 455 1720 idem
467 1663 520 1722 ille
533 1663 692 1739 repleverit
704 1662 796 1735 urnis,

166 1758 212 1816 Ne
225 1761 326 1817 tenera
339 1760 454 1819 assidua
467 1762 542 1820 colla
556 1764 715 1836 graventur
728 1781 824 1839 aqua:

127 1857 211 1915 Idem
224 1858 362 1917 Caucasia
376 1859 469 1919 solvet
483 1862 519 1920 de
532 1880 605 1937 rupe
620 1861 787 1920 Promethei

166 1935 290 2014 Brachia
304 1960 334 2016 et
347 1979 364 2017 a
377 1959 472 2017 medio
485 1963 602 2035 pectore
615 1961 707 2035 pellet
721 1979 813 2019 avem.
941 1962 978 2019 70

129 2054 374 2132 Quandocumque
387 2057 479 2132 igitur
492 2058 585 2117 vitam
597 2077 662 2116 mea
673 2058 736 2117 tata
748 2062 909 2134 reposcent,

167 2156 207 2214 Et
219 2157 307 2216 breve
320 2157 352 2216 in
366 2158 473 2233 exiguo
487 2178 628 2217 marmore
641 2178 747 2218 nomen
760 2179 818 2232 oro,

128 2254 288 2327 Maecenas,
304 2246 419 2316 nostrae
433 2277 498 2333 spes
510 2258 654 2316 invidiosa
666 2258 813 2326 iuventae,

167 2353 207 2411 Et
220 2353 298 2412 vitae
312 2358 342 2414 et
355 2355 442 2413 morti
456 2356 548 2429 gloria
560 2356 639 2414 iusta
651 2374 740 2427 meae,

130 2454 161 2511 Si
174 2456 205 2511 te
219 2450 295 2514 forte
309 2474 372 2513 meo
386 2456 473 2513 ducet
487 2455 534 2513 via
546 2454 680 2531 proxima
692 2456 788 2527 busto,
941 2456 976 2512 75

168 2556 275 2615 Esseda
288 2553 406 2613 caelatis
419 2553 488 2613 siste
500 2554 642 2613 Britanna
655 2553 740 2628 iugis,

129 2656 270 2733 Taliaque
282 2654 459 2712 illacrimans
472 2657 571 2712 mutae
584 2653 645 2712 iace
658 2655 748 2712 verba
759 2653 879 2712 favillae
890 2676 896 2711 :

171 2755 279 2813 “Huic
292 2755 396 2812 misero
410 2753 505 2812 fatum
518 2754 592 2811 dura
604 2752 704 2828 puella
716 2752 806 2813 fuit.’'

538 2945 573 2982 Π.

131 3046 217 3105 Liber
231 3066 307 3104 eram
322 3049 352 3104 et
364 3065 455 3104 vacuo
469 3045 630 3104 meditabar
643 3045 741 3104 vivere
754 3046 848 3104 lecto:

168 3146 210 3203 At
223 3165 269 3202 me
283 3143 439 3220 composita
452 3162 522 3219 pace
534 3143 644 3202 ieiellit
657 3145 757 3202 Amor.

131 3245 189 3302 Gur
201 3244 272 3301 haec
285 3243 316 3301 in
330 3243 415 3301 terris
426 3242 517 3300 iacies
530 3242 658 3301 humana
670 3243 822 3302 moratur?
886 3331 889 3337 Ι

169 3342 313 3419 Iuppiter,
328 3342 429 3416 ignoro
442 3341 566 3418 pristina
577 3341 659 3402 turta
671 3346 733 3402 tua.
