2168 3720
150 189 183 245 lx
452 187 692 246 PRAEFATIO.

191 350 235 403 10.
258 346 306 404 47.
327 345 391 403 boec
404 345 482 417 libri,
498 345 550 404 boc
562 343 776 404 Broulrhusius.

191 449 235 502 ll.
260 449 285 503 l.
308 444 397 503 Paulo
410 445 440 503 N
454 445 510 521 (ita
522 444 654 521 passim).

191 547 236 600 11.
260 547 288 602 8.
309 531 432 602 herbosos
452 543 490 616 N,
513 543 554 602 H.
598 543 734 602 umbrosos
754 541 836 600 codd.
855 542 1002 601 nonnulli.

148 641 242 700 Locus
259 645 413 717 corruptus
434 645 487 701 est.
528 643 619 718 Boqoo
639 641 724 701 credo
739 660 757 699 a
770 640 866 716 glossa
883 661 951 718 roqo
969 642 1004 700 od

148 741 258 799 subdito
268 741 299 798 in
312 746 328 799 3
340 745 446 800 ortum.
470 742 608 800 umbrosos
618 741 713 800 dorida
720 740 814 800 Parca
824 740 893 798 locos
903 742 1004 800 Mark-

149 840 267 899 landns:
281 840 812 900 umbrosos-domoaliemsterhusius:
822 840 1005 900 mihitamen

148 939 225 997 illud
235 939 340 999 obserat
353 939 548 999 consideranti
557 938 746 999 verisimilius
758 938 879 998 ridetur
887 943 1004 1016 poetam

149 1057 314 1114 scripsisse:

267 1158 390 1216 Obserat
403 1158 552 1215 umbrosas
564 1156 661 1215 lurida
673 1160 758 1232 porta
770 1156 856 1216 iores.

149 1277 192 1334 df.
208 1277 272 1336 Liv.
291 1281 317 1338 1.
335 1283 390 1335 14:
412 1277 585 1354 priusquam
596 1276 675 1335 fores
692 1280 843 1353 portarum
856 1276 1005 1336 obiceren-

148 1381 206 1433 tur.
248 1377 293 1434 Ib.
310 1381 357 1434 28.
374 1380 411 1433 6:
435 1375 487 1453 qui
500 1375 577 1434 iores
589 1377 692 1452 portae
705 1374 862 1435 obicerent.

191 1480 237 1535 11.
261 1481 306 1534 13.
328 1477 394 1536 Noc
407 1476 446 1536 N.

191 1578 236 1632 14.
257 1575 301 1632 Et
313 1575 351 1632 N.

190 1678 235 1730 ll.
260 1677 305 1731 14.
327 1674 370 1731 Et
383 1675 421 1732 N.
450 1675 660 1750 EaH,vulgo.
689 1675 797 1751 loyotur
809 1673 848 1748 N,
864 1675 945 1752 quod
959 1695 1003 1733 re-

148 1772 311 1830 tinendum.
353 1773 460 1831 leoctwr
472 1773 513 1847 H,
528 1773 628 1848 vulgo.

191 1876 237 1928 ll.
261 1871 384 1936 17-76.
405 1871 524 1931 Folium
538 1891 576 1930 cx
589 1872 619 1930 N
631 1871 728 1947 periit.

189 1975 235 2027 11.
257 1974 293 2027 21
315 1971 587 2046 Asaidcontsrotros
600 1971 678 2030 libri.
707 1970 869 2042 Accidebat,
877 1969 1002 2044 fratrem

148 2069 192 2128 sd.
227 2069 392 2142 Assidsant,
408 2069 505 2128 Minos
519 2069 551 2127 in
565 2069 638 2128 sella
651 2069 738 2128 iuxta
750 2068 871 2127 fratrem
885 2069 1002 2126 Rhada-

147 2169 301 2227 manthum
314 2168 418 2245 posita,
439 2171 469 2227 et
483 2167 668 2228 Eumenides.
709 2168 840 2226 Elatreia
852 2166 884 2224 in
891 2167 1002 2242 scotres

147 2270 182 2325 ut
195 2269 265 2325 sunt
278 2287 291 2324 c
305 2270 336 2326 et
354 2287 382 2325 m
395 2267 498 2326 finales
517 2266 596 2325 inter
609 2286 639 2324 se
658 2265 815 2325 mutabiles
832 2268 1002 2340 corruptum

148 2368 202 2423 est.
243 2369 270 2422 ct
289 2365 322 2422 in
338 2365 398 2424 fine
417 2385 520 2424 versus
539 2369 618 2424 recte
638 2365 751 2423 addunt
769 2364 1003 2438 Hamburgsnsis

149 2467 179 2521 et
198 2463 366 2522 Perusinus.
407 2464 518 2523 Minoia
536 2465 597 2523 Hb.
618 2464 652 2522 P.
672 2468 760 2522 recte.
801 2462 931 2521 banada
950 2462 1002 2520 alii

149 2562 230 2622 codd.

186 2664 235 2717 24.
257 2660 410 2735 oorrcbc'osrc
426 2660 458 2719 H
477 2662 555 2720 libri.
597 2662 735 2736 corroboro
755 2679 800 2719 oro
819 2660 951 2717 Auratus
971 2663 1002 2718 ct

146 2757 297 2818 Heinsius.
339 2758 398 2817 Hic
419 2759 532 2818 confert
552 2765 579 2817 2.
605 2761 650 2834 17,
673 2764 710 2818 6:
733 2758 790 2818 Vel
809 2764 844 2817 tu
866 2756 1001 2816 Tantalea

147 2875 280 2916 moveare
302 2857 339 2916 ad
357 2857 480 2917 flumina
498 2861 575 2916 sorte
588 2859 631 2917 Ut
645 2858 737 2935 liquor
756 2856 851 2916 arenti
863 2856 950 2915 fallat
963 2858 1000 2914 ab

146 2956 290 3016 orositim.
310 2956 357 3016 Sic
366 2956 744 3016 ClaudiannsaBurmanno
752 2955 898 3026 laudatus,
908 2953 998 3030 Rapt.

146 3054 227 3115 Pros.
243 3059 271 3128 2,
288 3059 345 3113 336
357 3076 363 3115 :
386 3056 454 3115 Non
467 3075 544 3132 aqua
560 3056 700 3114 Tantaleis
714 3053 887 3115 subducitur
898 3052 1000 3111 invida

145 3153 244 3212 labris.

187 3258 233 3312 11.
256 3257 305 3314 30.
325 3254 406 3313 Aera
424 3253 502 3313 libri.
554 3254 634 3329 Afro
654 3252 792 3328 Scaliger.
813 3271 898 3328 reuco
917 3249 996 3321 libri,

104 3352 301 3472 wel
313 3371 370 3413 aaa
383 3354 437 3413 ed:
462 3359 529 3413 ‘ono
543 3359 583 3413 act
596 3353 631 3430 of
638 3353 762 3413 brassac!
