2168 3720
61 260 66 267 ,
146 203 185 256 46
362 200 580 259 PROPERTII
601 201 660 260 ΕΒ.
683 202 728 274 11,
755 207 801 261 16.

184 357 224 415 Et
238 357 335 416 subito
347 356 423 417 felix
436 378 515 417 nuno
528 379 593 418 mea
607 379 696 435 regna
708 363 803 419 tenet.
881 393 884 398 ·

143 456 258 531 Aspice,
275 457 348 533 quid
361 457 445 516 donis
458 457 603 534 Eriphyla
614 457 731 517 invenit
744 458 859 531 amaris,

182 555 297 614 Arserit
310 559 341 614 et
352 555 470 632 quantis
483 560 578 632 nupta
591 555 700 615 Creusa
711 556 806 616 malis.
956 562 999 614 -30

143 656 272 714 Nullane
287 657 400 715 sedabit
413 662 526 716 nostros
539 658 648 716 iniuria
661 658 774 718 fletus?

183 756 231 813 An
244 756 326 813 dolor
339 756 388 814 hio
401 756 483 814 vitiis
495 757 591 814 nescit
604 757 703 815 abesse
716 756 802 814 tuis?

144 853 201 911 Tot
213 853 272 911 iam
285 853 382 912 abiere
396 854 467 926 dies,
484 875 551 913 oum
564 874 610 913 me
623 874 677 913 neo
691 874 762 914 eura
774 855 887 914 theatri

182 953 213 1010 N
213 972 245 1011 eo
258 953 360 1027 tetigit
374 953 485 1028 Campi,
501 973 555 1012 neo
568 973 633 1012 mea
645 973 746 1012 mensa
758 954 852 1014 iuvat.

143 1051 186 1110 At
199 1052 308 1127 pudeat
322 1055 409 1123 certe,
425 1052 550 1128 pudeat3
571 1051 630 1110 nisi
642 1051 728 1123 forte,
744 1053 823 1129 quod
837 1051 930 1125 aiunt,
962 1058 997 1110 35

183 1151 289 1228 Turpis
303 1171 382 1209 amor
395 1151 490 1209 surdis
504 1151 623 1210 auribus
636 1166 697 1210 esse
711 1153 795 1211 solet.

144 1250 236 1309 Cerne
250 1251 361 1320 ducem,
376 1250 461 1308 modo
475 1248 527 1325 qui
539 1248 660 1307 fremitu
674 1249 832 1326 complevit
843 1250 927 1309 inani

183 1350 271 1408 Actia
284 1349 429 1407 damnatis
443 1368 569 1425 aequora
581 1347 735 1407 militibus.

144 1447 233 1506 Hune
247 1448 364 1506 infamis
377 1468 457 1506 amor
470 1447 562 1506 versis
575 1448 643 1506 dare
656 1451 740 1521 terga
753 1447 860 1506 earinis

184 1546 277 1604 Iussit
290 1549 320 1605 et
334 1550 465 1604 extremo
480 1565 618 1623 quaerere
631 1546 663 1603 in
677 1547 745 1604 orbe
757 1545 868 1620 iugem.
960 1552 998 1604 40

145 1643 274 1702 Caesaris
287 1645 359 1702 heeo
372 1644 468 1702 virtus
481 1648 512 1702 et
526 1644 618 1718 gloria
631 1642 760 1702 Caesaris
772 1644 844 1702 haee
858 1647 922 1704 est:

185 1743 253 1812 Illa,
269 1761 328 1818 qua
340 1742 420 1813 visit,
438 1741 568 1799 condidit
581 1760 661 1798 arma
673 1761 771 1800 manu.

147 1841 204 1899 Sed
217 1860 415 1917 quascumque
428 1840 484 1898 tibi
497 1844 602 1911 vestes,
619 1860 817 1917 quoscumque
832 1842 998 1916 smaragdos

185 1939 300 2004 Quosve
314 1939 395 1996 dedit
407 1939 482 1996 flavo
495 1939 606 1997 lumine
620 1939 823 2016 chrysolithos,

145 2041 227 2098 Haec
240 2039 355 2097 videam
368 2037 482 2113 rapidas
494 2037 527 2094 in
540 2057 648 2095 vanum
661 2037 737 2096 ferre
750 2038 901 2113 proeellas,
958 2044 996 2095 45

185 2139 266 2204 Quae
279 2138 335 2196 tibi
348 2141 434 2211 terra,
450 2136 546 2207 velim,
564 2156 638 2212 quae
651 2136 707 2195 tibi
720 2137 774 2194 fiat
784 2156 869 2213 aqua.

144 2242 212 2300 Non
227 2260 338 2316 semper
350 2238 482 2316 placidus
494 2239 626 2315 periuros
638 2238 715 2324 ridet
728 2242 858 2297 amantes

184 2340 322 2416 Iuppiter
335 2344 365 2397 et
378 2339 465 2397 surda
477 2337 602 2412 negligit
615 2357 684 2395 eure
697 2356 805 2412 preces.

144 2438 267 2497 Vidistis
280 2441 342 2495 toto
357 2437 469 2495 sonitus
481 2455 649 2512 percurrere
662 2435 750 2497 caelo,

184 2535 378 2610 Fulminaque
392 2533 522 2593 aetheria
535 2533 685 2592 desiluisse
698 2534 791 2591 domo.
959 2541 996 2593 50

144 2634 212 2691 Non
224 2613 296 2690 haee
310 2632 442 2691 Pleiades
455 2632 570 2690 iaciunt
582 2651 678 2708 nequa
692 2651 818 2708 aquosus
832 2632 930 2707 Orion,

183 2734 245 2790 Neo
260 2733 300 2790 sio
314 2733 349 2790 de
362 2732 456 2789 nihilo
469 2732 602 2789 fulminis
616 2732 660 2789 ira
673 2732 771 2790 eadit:

143 2830 278 2890 Periuras
291 2834 363 2888 tuno
376 2829 428 2888 ille
442 2830 517 2888 solet
529 2829 634 2905 punire
647 2830 769 2905 puellas,

181 2928 330 3005 Deceptus
343 2927 480 3004 quoniam
493 2927 576 2986 flevit
590 2932 620 2985 et
632 2928 695 3003 ipse
708 2928 788 2986 deus.

143 3029 239 3093 Quare
252 3047 290 3086 ne
302 3027 359 3085 tibi
373 3026 411 3084 sit
423 3026 501 3084 tanti
516 3025 634 3084 Sidonia
646 3027 745 3097 vestis,
956 3035 993 3087 55

181 3127 223 3184 Ut
236 3126 348 3198 timeas,
365 3124 501 3201 quotiens
513 3124 633 3182 nubilus
646 3126 756 3184 Auster
769 3126 835 3186 erit.
