<?xml version="1.0" encoding="UTF-8"?>
<!DOCTYPE html PUBLIC "-//W3C//DTD XHTML 1.0 Transitional//EN"
    "http://www.w3.org/TR/xhtml1/DTD/xhtml1-transitional.dtd">
<html xmlns="http://www.w3.org/1999/xhtml" xml:lang="en" lang="en">
 <head>
  <title>
</title>
<meta http-equiv="Content-Type" content="text/html;charset=utf-8" />
  <meta name='ocr-system' content='tesseract 3.04.00' />
  <meta name='ocr-capabilities' content='ocr_page ocr_carea ocr_par ocr_line ocrx_word'/>
</head>
<body>
  <div class='ocr_page' id='page_1' title='image "./elegiarumlibrii00palmgoog_0056.png"; bbox 0 0 2168 3720; ppageno 0'>
   <div class='ocr_carea' id='block_1_1' title="bbox 316 176 970 239">
    <p class='ocr_par' dir='ltr' id='par_1_1' title="bbox 316 176 970 239">
     <span class='ocr_line' id='line_1_1' title="bbox 316 176 970 239; baseline -0.002 -2"><span class='ocrx_word' id='word_1_1' title='bbox 316 208 320 215; x_wconf 94' lang='lat'>·</span> <span class='ocrx_word' id='word_1_2' title='bbox 444 179 568 238; x_wconf 83' lang='lat' dir='ltr'>LIBER</span> <span class='ocrx_word' id='word_1_3' title='bbox 588 179 644 239; x_wconf 85' lang='lat' dir='ltr'><strong>IV.</strong></span> <span class='ocrx_word' id='word_1_4' title='bbox 826 202 830 208; x_wconf 89' lang='grc'><em>·</em></span> <span class='ocrx_word' id='word_1_5' title='bbox 892 176 970 237; x_wconf 81' lang='lat' dir='ltr'>xlvii</span> 
     </span>
    </p>
   </div>
   <div class='ocr_carea' id='block_1_2' title="bbox 111 335 1022 3479">
    <p class='ocr_par' dir='ltr' id='par_1_2' title="bbox 111 335 970 693">
     <span class='ocr_line' id='line_1_2' title="bbox 112 335 968 413; baseline -0.004 -17"><span class='ocrx_word' id='word_1_6' title='bbox 112 357 183 398; x_wconf 87' lang='lat' dir='ltr'>oum</span> <span class='ocrx_word' id='word_1_7' title='bbox 196 336 383 412; x_wconf 81' lang='lat' dir='ltr'>Groningano</span> <span class='ocrx_word' id='word_1_8' title='bbox 396 356 448 413; x_wconf 91' lang='lat' dir='ltr'>pro</span> <span class='ocrx_word' id='word_1_9' title='bbox 455 337 533 413; x_wconf 77' lang='lat' dir='ltr'>sota.</span> <span class='ocrx_word' id='word_1_10' title='bbox 569 337 669 396; x_wconf 81' lang='lat' dir='ltr'>Habes</span> <span class='ocrx_word' id='word_1_11' title='bbox 685 336 742 405; x_wconf 76' lang='lat' dir='ltr'>ooo</span> <span class='ocrx_word' id='word_1_12' title='bbox 758 336 819 394; x_wconf 78' lang='lat' dir='ltr'>ruia</span> <span class='ocrx_word' id='word_1_13' title='bbox 830 336 884 394; x_wconf 91' lang='lat' dir='ltr'><strong>Ov.</strong></span> <span class='ocrx_word' id='word_1_14' title='bbox 895 335 968 394; x_wconf 91' lang='lat' dir='ltr'>Her.</span> 
     </span>
     <span class='ocr_line' id='line_1_3' title="bbox 115 435 970 511; baseline -0.005 -15"><span class='ocrx_word' id='word_1_15' title='bbox 115 442 164 496; x_wconf 91' lang='grc'>16.</span> <span class='ocrx_word' id='word_1_16' title='bbox 195 436 357 496; x_wconf 81' lang='lat' dir='ltr'><strong>121:1.iv.</strong></span> <span class='ocrx_word' id='word_1_17' title='bbox 387 441 453 494; x_wconf 85' lang='lat'><strong>318.</strong></span> <span class='ocrx_word' id='word_1_18' title='bbox 505 435 549 494; x_wconf 80' lang='lat' dir='ltr'><strong>Cf.</strong></span> <span class='ocrx_word' id='word_1_19' title='bbox 574 436 655 494; x_wconf 82' lang='lat' dir='ltr'>Pers.</span> <span class='ocrx_word' id='word_1_20' title='bbox 685 435 746 494; x_wconf 79' lang='lat' dir='ltr'><strong>sat.</strong></span> <span class='ocrx_word' id='word_1_21' title='bbox 776 440 804 493; x_wconf 90' lang='grc'>5.</span> <span class='ocrx_word' id='word_1_22' title='bbox 829 439 894 493; x_wconf 82' lang='lat'><strong>143.</strong></span> <span class='ocrx_word' id='word_1_23' title='bbox 918 454 970 511; x_wconf 82' lang='lat' dir='ltr'>quo</span> 
     </span>
     <span class='ocr_line' id='line_1_4' title="bbox 112 533 970 611; baseline -0.002 -18"><span class='ocrx_word' id='word_1_24' title='bbox 112 535 221 594; x_wconf 87' lang='lat' dir='ltr'>deinde</span> <span class='ocrx_word' id='word_1_25' title='bbox 243 533 345 594; x_wconf 85' lang='lat' dir='ltr'>insane</span> <span class='ocrx_word' id='word_1_26' title='bbox 367 535 438 607; x_wconf 76' lang='lat' dir='ltr'>ruia,</span> <span class='ocrx_word' id='word_1_27' title='bbox 462 534 544 611; x_wconf 83' lang='lat' dir='ltr'>quo?</span> <span class='ocrx_word' id='word_1_28' title='bbox 584 535 638 594; x_wconf 86' lang='lat' dir='ltr'><strong>Ov.</strong></span> <span class='ocrx_word' id='word_1_29' title='bbox 656 535 793 593; x_wconf 89' lang='lat' dir='ltr'><strong>Her.13.</strong></span> <span class='ocrx_word' id='word_1_30' title='bbox 811 538 876 594; x_wconf 88' lang='lat'><strong>130.</strong></span> <span class='ocrx_word' id='word_1_31' title='bbox 918 553 970 611; x_wconf 78' lang='lat' dir='ltr'>quo</span> 
     </span>
     <span class='ocr_line' id='line_1_5' title="bbox 111 635 228 693; baseline -0.017 0"><span class='ocrx_word' id='word_1_32' title='bbox 111 635 228 693; x_wconf 70' lang='lat' dir='ltr'>ruitis?</span> 
     </span>
    </p>

    <p class='ocr_par' dir='ltr' id='par_1_3' title="bbox 112 731 969 892">
     <span class='ocr_line' id='line_1_6' title="bbox 157 731 969 809; baseline -0.002 -17"><span class='ocrx_word' id='word_1_33' title='bbox 157 740 183 792; x_wconf 93' lang='lat' dir='ltr'><strong>l.</strong></span> <span class='ocrx_word' id='word_1_34' title='bbox 206 734 253 792; x_wconf 83' lang='grc'><strong>72.</strong></span> <span class='ocrx_word' id='word_1_35' title='bbox 275 753 294 792; x_wconf 85' lang='lat' dir='ltr'>o</span> <span class='ocrx_word' id='word_1_36' title='bbox 305 733 344 806; x_wconf 86' lang='lat' dir='ltr'>N,</span> <span class='ocrx_word' id='word_1_37' title='bbox 361 733 397 792; x_wconf 72' lang='lat' dir='ltr'>ah</span> <span class='ocrx_word' id='word_1_38' title='bbox 409 733 450 792; x_wconf 91' lang='lat' dir='ltr'>H.</span> <span class='ocrx_word' id='word_1_39' title='bbox 491 732 548 792; x_wconf 90' lang='lat' dir='ltr'>Pro</span> <span class='ocrx_word' id='word_1_40' title='bbox 567 731 781 809; x_wconf 77' lang='lat' dir='ltr'>praepositione</span> <span class='ocrx_word' id='word_1_41' title='bbox 794 751 853 790; x_wconf 93' lang='lat' dir='ltr'>non</span> <span class='ocrx_word' id='word_1_42' title='bbox 870 732 969 790; x_wconf 76' lang='lat' dir='ltr'>excla-</span> 
     </span>
     <span class='ocr_line' id='line_1_7' title="bbox 112 832 357 892; baseline 0.008 -2"><span class='ocrx_word' id='word_1_43' title='bbox 112 832 243 892; x_wconf 88' lang='lat' dir='ltr'>matione</span> <span class='ocrx_word' id='word_1_44' title='bbox 255 833 357 892; x_wconf 85' lang='lat' dir='ltr'>habeo.</span> 
     </span>
    </p>

    <p class='ocr_par' dir='ltr' id='par_1_4' title="bbox 111 928 970 2373">
     <span class='ocr_line' id='line_1_8' title="bbox 157 928 970 990; baseline 0 -2"><span class='ocrx_word' id='word_1_45' title='bbox 157 935 184 990; x_wconf 94' lang='grc'>1.</span> <span class='ocrx_word' id='word_1_46' title='bbox 207 930 254 989; x_wconf 89' lang='grc'><strong>73.</strong></span> <span class='ocrx_word' id='word_1_47' title='bbox 275 932 405 990; x_wconf 78' lang='lat' dir='ltr'>Acoorro&#39;r</span> <span class='ocrx_word' id='word_1_48' title='bbox 420 931 548 989; x_wconf 74' lang='lat' dir='ltr'>lacrimae</span> <span class='ocrx_word' id='word_1_49' title='bbox 558 930 597 989; x_wconf 87' lang='lat' dir='ltr'><strong>N.</strong></span> <span class='ocrx_word' id='word_1_50' title='bbox 631 930 749 989; x_wconf 78' lang='lat' dir='ltr'>Aoeraie</span> <span class='ocrx_word' id='word_1_51' title='bbox 764 929 898 989; x_wconf 63' lang='lat' dir='ltr'>Orotan</span> <span class='ocrx_word' id='word_1_52' title='bbox 911 928 970 988; x_wconf 87' lang='lat' dir='ltr'>He</span> 
     </span>
     <span class='ocr_line' id='line_1_9' title="bbox 113 1028 970 1104; baseline -0.004 -15"><span class='ocrx_word' id='word_1_53' title='bbox 113 1029 190 1090; x_wconf 87' lang='lat' dir='ltr'>eoni.</span> <span class='ocrx_word' id='word_1_54' title='bbox 205 1028 310 1089; x_wconf 83' lang='lat' dir='ltr'>Heins.</span> <span class='ocrx_word' id='word_1_55' title='bbox 340 1029 398 1088; x_wconf 82' lang='lat' dir='ltr'>Sed</span> <span class='ocrx_word' id='word_1_56' title='bbox 413 1030 565 1104; x_wconf 78' lang='lat' dir='ltr'><strong>vulgatam</strong></span> <span class='ocrx_word' id='word_1_57' title='bbox 578 1029 733 1087; x_wconf 83' lang='lat' dir='ltr'>lectionem</span> <span class='ocrx_word' id='word_1_58' title='bbox 751 1030 870 1087; x_wconf 73' lang='lat' dir='ltr'>Aoerao&#39;a</span> <span class='ocrx_word' id='word_1_59' title='bbox 887 1028 970 1087; x_wconf 75' lang='lat' dir='ltr'>lorri-</span> 
     </span>
     <span class='ocr_line' id='line_1_10' title="bbox 112 1125 970 1203; baseline -0.001 -17"><span class='ocrx_word' id='word_1_60' title='bbox 112 1128 169 1186; x_wconf 75' lang='lat' dir='ltr'>mo&#39;r</span> <span class='ocrx_word' id='word_1_61' title='bbox 188 1147 288 1186; x_wconf 80' lang='lat' dir='ltr'>sanam</span> <span class='ocrx_word' id='word_1_62' title='bbox 305 1147 367 1187; x_wconf 81' lang='lat' dir='ltr'>esse</span> <span class='ocrx_word' id='word_1_63' title='bbox 386 1129 480 1186; x_wconf 85' lang='lat' dir='ltr'>erede.</span> <span class='ocrx_word' id='word_1_64' title='bbox 523 1128 668 1186; x_wconf 78' lang='lat' dir='ltr'>Loerimoa</span> <span class='ocrx_word' id='word_1_65' title='bbox 687 1128 766 1203; x_wconf 87' lang='lat' dir='ltr'>apud</span> <span class='ocrx_word' id='word_1_66' title='bbox 786 1125 970 1202; x_wconf 78' lang='lat' dir='ltr'>Propertium</span> 
     </span>
     <span class='ocr_line' id='line_1_11' title="bbox 111 1224 970 1302; baseline -0.002 -17"><span class='ocrx_word' id='word_1_67' title='bbox 111 1226 263 1285; x_wconf 87' lang='lat' dir='ltr'>interdum</span> <span class='ocrx_word' id='word_1_68' title='bbox 275 1226 352 1285; x_wconf 92' lang='lat' dir='ltr'>nihil</span> <span class='ocrx_word' id='word_1_69' title='bbox 365 1226 446 1285; x_wconf 83' lang='lat' dir='ltr'>alind</span> <span class='ocrx_word' id='word_1_70' title='bbox 460 1226 624 1300; x_wconf 82' lang='lat' dir='ltr'>significare</span> <span class='ocrx_word' id='word_1_71' title='bbox 642 1246 730 1302; x_wconf 89' lang='lat' dir='ltr'>quam</span> <span class='ocrx_word' id='word_1_72' title='bbox 744 1225 872 1284; x_wconf 84' lang='lat' dir='ltr'>earmina</span> <span class='ocrx_word' id='word_1_73' title='bbox 884 1224 970 1284; x_wconf 83' lang='lat' dir='ltr'>trista</span> 
     </span>
     <span class='ocr_line' id='line_1_12' title="bbox 112 1323 969 1411; baseline -0.002 -27"><span class='ocrx_word' id='word_1_74' title='bbox 112 1324 189 1402; x_wconf 86' lang='lat' dir='ltr'>quid</span> <span class='ocrx_word' id='word_1_75' title='bbox 207 1326 364 1411; x_wconf 68' lang='lat' dir='ltr'>vehgrave</span> <span class='ocrx_word' id='word_1_76' title='bbox 383 1325 522 1385; x_wconf 81' lang='lat' dir='ltr'>habentia</span> <span class='ocrx_word' id='word_1_77' title='bbox 540 1324 653 1384; x_wconf 85' lang='lat' dir='ltr'>videbis</span> <span class='ocrx_word' id='word_1_78' title='bbox 670 1325 695 1383; x_wconf 83' lang='lat' dir='ltr'>si</span> <span class='ocrx_word' id='word_1_79' title='bbox 714 1323 885 1399; x_wconf 84' lang='lat' dir='ltr'>diligentius</span> <span class='ocrx_word' id='word_1_80' title='bbox 904 1343 969 1399; x_wconf 88' lang='lat' dir='ltr'>per·</span> 
     </span>
     <span class='ocr_line' id='line_1_13' title="bbox 111 1422 970 1500; baseline -0.003 -17"><span class='ocrx_word' id='word_1_81' title='bbox 111 1423 224 1500; x_wconf 84' lang='lat' dir='ltr'>pendes</span> <span class='ocrx_word' id='word_1_82' title='bbox 244 1425 331 1483; x_wconf 81' lang='lat' dir='ltr'>hosce</span> <span class='ocrx_word' id='word_1_83' title='bbox 348 1425 443 1483; x_wconf 81' lang='lat' dir='ltr'>locos:</span> <span class='ocrx_word' id='word_1_84' title='bbox 465 1424 544 1482; x_wconf 73' lang='lat' dir='ltr'>inira</span> <span class='ocrx_word' id='word_1_85' title='bbox 564 1429 639 1482; x_wconf 81' lang='lat'>120:</span> <span class='ocrx_word' id='word_1_86' title='bbox 668 1423 764 1499; x_wconf 82' lang='lat' dir='ltr'>incipe</span> <span class='ocrx_word' id='word_1_87' title='bbox 787 1426 822 1482; x_wconf 92' lang='lat' dir='ltr'>tu</span> <span class='ocrx_word' id='word_1_88' title='bbox 846 1422 970 1482; x_wconf 67' lang='lat' dir='ltr'>lacrimis</span> 
     </span>
     <span class='ocr_line' id='line_1_14' title="bbox 112 1520 969 1600; baseline -0.006 -17"><span class='ocrx_word' id='word_1_89' title='bbox 112 1542 227 1600; x_wconf 79' lang='lat' dir='ltr'>aequus</span> <span class='ocrx_word' id='word_1_90' title='bbox 246 1523 345 1583; x_wconf 84' lang='lat' dir='ltr'>adesse</span> <span class='ocrx_word' id='word_1_91' title='bbox 367 1522 460 1582; x_wconf 83' lang='lat' dir='ltr'>novis.</span> <span class='ocrx_word' id='word_1_92' title='bbox 504 1527 531 1580; x_wconf 94' lang='grc'>1.</span> <span class='ocrx_word' id='word_1_93' title='bbox 555 1529 582 1581; x_wconf 87' lang='lat'>3.</span> <span class='ocrx_word' id='word_1_94' title='bbox 607 1528 665 1581; x_wconf 85' lang='lat'>46:</span> <span class='ocrx_word' id='word_1_95' title='bbox 691 1523 744 1580; x_wconf 85' lang='lat' dir='ltr'>illa</span> <span class='ocrx_word' id='word_1_96' title='bbox 764 1521 824 1580; x_wconf 80' lang='lat' dir='ltr'>ruit</span> <span class='ocrx_word' id='word_1_97' title='bbox 845 1520 969 1581; x_wconf 69' lang='lat' dir='ltr'>lacrimis</span> 
     </span>
     <span class='ocr_line' id='line_1_15' title="bbox 112 1620 969 1682; baseline -0.002 -1"><span class='ocrx_word' id='word_1_98' title='bbox 112 1621 221 1681; x_wconf 84' lang='lat' dir='ltr'>ultima</span> <span class='ocrx_word' id='word_1_99' title='bbox 244 1641 314 1681; x_wconf 85' lang='lat' dir='ltr'>eura</span> <span class='ocrx_word' id='word_1_100' title='bbox 336 1623 417 1682; x_wconf 84' lang='lat' dir='ltr'>meis.</span> <span class='ocrx_word' id='word_1_101' title='bbox 474 1627 500 1681; x_wconf 95' lang='grc'>1.</span> <span class='ocrx_word' id='word_1_102' title='bbox 525 1628 552 1680; x_wconf 92' lang='grc'><strong>6.</strong></span> <span class='ocrx_word' id='word_1_103' title='bbox 576 1627 614 1680; x_wconf 83' lang='grc'>24</span> <span class='ocrx_word' id='word_1_104' title='bbox 637 1622 760 1681; x_wconf 71' lang='lat' dir='ltr'>lacrimis</span> <span class='ocrx_word' id='word_1_105' title='bbox 784 1620 880 1679; x_wconf 88' lang='lat' dir='ltr'>omnia</span> <span class='ocrx_word' id='word_1_106' title='bbox 899 1623 969 1679; x_wconf 85' lang='lat' dir='ltr'>nota</span> 
     </span>
     <span class='ocr_line' id='line_1_16' title="bbox 112 1719 969 1798; baseline -0.002 -20"><span class='ocrx_word' id='word_1_107' title='bbox 112 1720 196 1779; x_wconf 84' lang='lat' dir='ltr'>meis.</span> <span class='ocrx_word' id='word_1_108' title='bbox 226 1721 267 1779; x_wconf 83' lang='lat' dir='ltr'>Et</span> <span class='ocrx_word' id='word_1_109' title='bbox 280 1721 321 1779; x_wconf 82' lang='lat' dir='ltr'>sio</span> <span class='ocrx_word' id='word_1_110' title='bbox 335 1725 414 1780; x_wconf 85' lang='lat' dir='ltr'>amat</span> <span class='ocrx_word' id='word_1_111' title='bbox 427 1721 596 1798; x_wconf 74' lang='lat' dir='ltr'>Propertius</span> <span class='ocrx_word' id='word_1_112' title='bbox 609 1723 698 1781; x_wconf 84' lang='lat' dir='ltr'>verbo</span> <span class='ocrx_word' id='word_1_113' title='bbox 715 1721 838 1798; x_wconf 75' lang='lat' dir='ltr'>utiflere</span> <span class='ocrx_word' id='word_1_114' title='bbox 853 1719 969 1797; x_wconf 85' lang='lat' dir='ltr'>(canere</span> 
     </span>
     <span class='ocr_line' id='line_1_17' title="bbox 112 1817 969 1897; baseline -0.005 -19"><span class='ocrx_word' id='word_1_115' title='bbox 112 1837 203 1878; x_wconf 82' lang='lat' dir='ltr'>versu</span> <span class='ocrx_word' id='word_1_116' title='bbox 221 1819 375 1896; x_wconf 82' lang='lat' dir='ltr'>lngub1i):</span> <span class='ocrx_word' id='word_1_117' title='bbox 401 1824 426 1878; x_wconf 92' lang='lat' dir='ltr'><strong>l.</strong></span> <span class='ocrx_word' id='word_1_118' title='bbox 443 1825 470 1878; x_wconf 88' lang='lat'><strong>9.</strong></span> <span class='ocrx_word' id='word_1_119' title='bbox 490 1824 535 1893; x_wconf 91' lang='lat'>10,</span> <span class='ocrx_word' id='word_1_120' title='bbox 558 1819 752 1897; x_wconf 80' lang='lat' dir='ltr'>Amphioniae</span> <span class='ocrx_word' id='word_1_121' title='bbox 772 1817 886 1877; x_wconf 88' lang='lat' dir='ltr'>moenia</span> <span class='ocrx_word' id='word_1_122' title='bbox 896 1817 969 1894; x_wconf 79' lang='lat' dir='ltr'>flere</span> 
     </span>
     <span class='ocr_line' id='line_1_18' title="bbox 112 1915 970 1995; baseline -0.003 -19"><span class='ocrx_word' id='word_1_123' title='bbox 112 1917 206 1994; x_wconf 71' lang='lat' dir='ltr'>lyrae.</span> <span class='ocrx_word' id='word_1_124' title='bbox 250 1924 277 1976; x_wconf 87' lang='lat'>3.</span> <span class='ocrx_word' id='word_1_125' title='bbox 294 1923 321 1977; x_wconf 88' lang='lat'>3.</span> <span class='ocrx_word' id='word_1_126' title='bbox 338 1923 386 1976; x_wconf 81' lang='lat'><strong>42.</strong></span> <span class='ocrx_word' id='word_1_127' title='bbox 400 1919 445 1976; x_wconf 87' lang='lat' dir='ltr'>nil</span> <span class='ocrx_word' id='word_1_128' title='bbox 457 1919 514 1978; x_wconf 88' lang='lat' dir='ltr'>tibi</span> <span class='ocrx_word' id='word_1_129' title='bbox 528 1919 566 1978; x_wconf 84' lang='lat' dir='ltr'>sit</span> <span class='ocrx_word' id='word_1_130' title='bbox 579 1940 666 1978; x_wconf 87' lang='lat' dir='ltr'>rauoo</span> <span class='ocrx_word' id='word_1_131' title='bbox 683 1917 837 1995; x_wconf 82' lang='lat' dir='ltr'>praeconia</span> <span class='ocrx_word' id='word_1_132' title='bbox 850 1915 970 1974; x_wconf 83' lang='lat' dir='ltr'>classica</span> 
     </span>
     <span class='ocr_line' id='line_1_19' title="bbox 113 2015 970 2095; baseline -0.002 -21"><span class='ocrx_word' id='word_1_133' title='bbox 113 2036 206 2075; x_wconf 89' lang='lat' dir='ltr'>oornu</span> <span class='ocrx_word' id='word_1_134' title='bbox 218 2017 302 2075; x_wconf 70' lang='lat' dir='ltr'>Flam</span> <span class='ocrx_word' id='word_1_135' title='bbox 320 2017 496 2095; x_wconf 77' lang='lat' dir='ltr'>(nonstore).</span> <span class='ocrx_word' id='word_1_136' title='bbox 540 2019 642 2076; x_wconf 88' lang='lat' dir='ltr'>Iamne</span> <span class='ocrx_word' id='word_1_137' title='bbox 660 2017 754 2092; x_wconf 83' lang='lat' dir='ltr'>igitur</span> <span class='ocrx_word' id='word_1_138' title='bbox 766 2016 847 2074; x_wconf 86' lang='lat' dir='ltr'>vides</span> <span class='ocrx_word' id='word_1_139' title='bbox 867 2015 970 2073; x_wconf 70' lang='lat' dir='ltr'>averso</span> 
     </span>
     <span class='ocr_line' id='line_1_20' title="bbox 113 2115 970 2191; baseline -0.004 -17"><span class='ocrx_word' id='word_1_140' title='bbox 113 2115 239 2175; x_wconf 61' lang='lat' dir='ltr'>{aerioma</span> <span class='ocrx_word' id='word_1_141' title='bbox 259 2117 434 2175; x_wconf 82' lang='lat' dir='ltr'>servandum</span> <span class='ocrx_word' id='word_1_142' title='bbox 454 2136 523 2191; x_wconf 82' lang='lat' dir='ltr'>esse,</span> <span class='ocrx_word' id='word_1_143' title='bbox 546 2120 576 2175; x_wconf 88' lang='lat' dir='ltr'>et</span> <span class='ocrx_word' id='word_1_144' title='bbox 596 2117 675 2174; x_wconf 87' lang='lat' dir='ltr'>idem</span> <span class='ocrx_word' id='word_1_145' title='bbox 695 2115 859 2190; x_wconf 83' lang='lat' dir='ltr'>significare</span> <span class='ocrx_word' id='word_1_146' title='bbox 879 2117 970 2190; x_wconf 83' lang='lat' dir='ltr'>atque</span> 
     </span>
     <span class='ocr_line' id='line_1_21' title="bbox 116 2211 970 2291; baseline -0.004 -18"><span class='ocrx_word' id='word_1_147' title='bbox 116 2213 245 2274; x_wconf 79' lang='lat' dir='ltr'>‘aversis</span> <span class='ocrx_word' id='word_1_148' title='bbox 258 2214 353 2273; x_wconf 82' lang='lat' dir='ltr'>Musis</span> <span class='ocrx_word' id='word_1_149' title='bbox 368 2235 442 2291; x_wconf 86' lang='lat' dir='ltr'>quae</span> <span class='ocrx_word' id='word_1_150' title='bbox 462 2215 542 2273; x_wconf 84' lang='lat' dir='ltr'>tristi</span> <span class='ocrx_word' id='word_1_151' title='bbox 555 2214 678 2273; x_wconf 81' lang='lat' dir='ltr'>carmini</span> <span class='ocrx_word' id='word_1_152' title='bbox 697 2211 878 2291; x_wconf 83' lang='lat' dir='ltr'>praesunt’?</span> <span class='ocrx_word' id='word_1_153' title='bbox 899 2211 970 2270; x_wconf 90' lang='lat' dir='ltr'>olim</span> 
     </span>
     <span class='ocr_line' id='line_1_22' title="bbox 114 2312 668 2373; baseline 0.005 -3"><span class='ocrx_word' id='word_1_154' title='bbox 114 2312 242 2372; x_wconf 84' lang='lat' dir='ltr'>conieci:</span> <span class='ocrx_word' id='word_1_155' title='bbox 264 2315 398 2372; x_wconf 75' lang='lat' dir='ltr'>Aooenro&#39;a</span> <span class='ocrx_word' id='word_1_156' title='bbox 412 2313 540 2371; x_wconf 75' lang='lat' dir='ltr'>lacrimae</span> <span class='ocrx_word' id='word_1_157' title='bbox 554 2313 668 2373; x_wconf 68' lang='lat' dir='ltr'>abortia.</span> 
     </span>
    </p>

    <p class='ocr_par' dir='ltr' id='par_1_5' title="bbox 117 2412 681 2489">
     <span class='ocr_line' id='line_1_23' title="bbox 117 2412 681 2489; baseline 0.002 -20"><span class='ocrx_word' id='word_1_158' title='bbox 117 2484 119 2489; x_wconf 28' lang='grc' dir='ltr'>Ι</span> <span class='ocrx_word' id='word_1_159' title='bbox 157 2416 182 2469; x_wconf 91' lang='lat'><strong>1.</strong></span> <span class='ocrx_word' id='word_1_160' title='bbox 206 2412 253 2472; x_wconf 86' lang='grc'><strong>75.</strong></span> <span class='ocrx_word' id='word_1_161' title='bbox 275 2412 430 2479; x_wconf 78' lang='lat' dir='ltr'><strong>outN.H.</strong></span> <span class='ocrx_word' id='word_1_162' title='bbox 472 2412 591 2470; x_wconf 74' lang='lat' dir='ltr'>toutal.</span> <span class='ocrx_word' id='word_1_163' title='bbox 679 2473 681 2478; x_wconf 71' lang='grc'>,</span> 
     </span>
    </p>

    <p class='ocr_par' dir='ltr' id='par_1_6' title="bbox 156 2509 769 2584">
     <span class='ocr_line' id='line_1_24' title="bbox 156 2509 769 2584; baseline 0.003 -18"><span class='ocrx_word' id='word_1_164' title='bbox 156 2513 182 2566; x_wconf 93' lang='grc'>1.</span> <span class='ocrx_word' id='word_1_165' title='bbox 205 2510 252 2568; x_wconf 88' lang='grc'>77.</span> <span class='ocrx_word' id='word_1_166' title='bbox 280 2511 368 2584; x_wconf 74' lang='lat' dir='ltr'>Oropo</span> <span class='ocrx_word' id='word_1_167' title='bbox 381 2510 419 2582; x_wconf 88' lang='lat' dir='ltr'>N,</span> <span class='ocrx_word' id='word_1_168' title='bbox 434 2509 529 2569; x_wconf 81' lang='lat' dir='ltr'>Horoa</span> <span class='ocrx_word' id='word_1_169' title='bbox 542 2511 582 2583; x_wconf 87' lang='lat' dir='ltr'>H,</span> <span class='ocrx_word' id='word_1_170' title='bbox 598 2511 628 2568; x_wconf 85' lang='lat' dir='ltr'>N</span> <span class='ocrx_word' id='word_1_171' title='bbox 641 2531 697 2570; x_wconf 85' lang='lat' dir='ltr'>ma.</span> <span class='ocrx_word' id='word_1_172' title='bbox 713 2529 769 2569; x_wconf 84' lang='lat' dir='ltr'>seo.</span> 
     </span>
    </p>

    <p class='ocr_par' dir='ltr' id='par_1_7' title="bbox 113 2605 967 2986">
     <span class='ocr_line' id='line_1_25' title="bbox 157 2605 967 2685; baseline 0.001 -20"><span class='ocrx_word' id='word_1_173' title='bbox 157 2611 183 2666; x_wconf 96' lang='lat' dir='ltr'><strong>l.</strong></span> <span class='ocrx_word' id='word_1_174' title='bbox 205 2608 253 2667; x_wconf 87' lang='lat'><strong>78.</strong></span> <span class='ocrx_word' id='word_1_175' title='bbox 273 2605 374 2667; x_wconf 79' lang='lat' dir='ltr'>Horon</span> <span class='ocrx_word' id='word_1_176' title='bbox 387 2609 425 2680; x_wconf 87' lang='lat' dir='ltr'>N,</span> <span class='ocrx_word' id='word_1_177' title='bbox 436 2609 530 2669; x_wconf 69' lang='lat' dir='ltr'>Horon</span> <span class='ocrx_word' id='word_1_178' title='bbox 543 2611 585 2668; x_wconf 91' lang='lat' dir='ltr'>H.</span> <span class='ocrx_word' id='word_1_179' title='bbox 626 2610 703 2668; x_wconf 89' lang='lat' dir='ltr'>nihil</span> <span class='ocrx_word' id='word_1_180' title='bbox 715 2609 748 2667; x_wconf 93' lang='lat' dir='ltr'>in</span> <span class='ocrx_word' id='word_1_181' title='bbox 764 2608 874 2685; x_wconf 83' lang='lat' dir='ltr'>optimo</span> <span class='ocrx_word' id='word_1_182' title='bbox 891 2606 967 2666; x_wconf 85' lang='lat' dir='ltr'>libro</span> 
     </span>
     <span class='ocr_line' id='line_1_26' title="bbox 113 2706 966 2774; baseline -0.002 -8"><span class='ocrx_word' id='word_1_183' title='bbox 113 2708 287 2768; x_wconf 85' lang='lat' dir='ltr'>mutandum</span> <span class='ocrx_word' id='word_1_184' title='bbox 313 2707 389 2767; x_wconf 87' lang='lat' dir='ltr'>vidit</span> <span class='ocrx_word' id='word_1_185' title='bbox 421 2709 635 2770; x_wconf 81' lang='lat' dir='ltr'>Lachmannus.</span> <span class='ocrx_word' id='word_1_186' title='bbox 678 2709 756 2774; x_wconf 80' lang='lat' dir='ltr'>Quid</span> <span class='ocrx_word' id='word_1_187' title='bbox 786 2708 864 2767; x_wconf 89' lang='lat' dir='ltr'>enim</span> <span class='ocrx_word' id='word_1_188' title='bbox 894 2706 966 2765; x_wconf 82' lang='lat' dir='ltr'>dicit</span> 
     </span>
     <span class='ocr_line' id='line_1_27' title="bbox 114 2807 965 2886; baseline -0.004 -20"><span class='ocrx_word' id='word_1_189' title='bbox 114 2808 299 2883; x_wconf 78' lang='lat' dir='ltr'>astrologus?</span> <span class='ocrx_word' id='word_1_190' title='bbox 340 2809 416 2882; x_wconf 85' lang='lat' dir='ltr'>‘Me,</span> <span class='ocrx_word' id='word_1_191' title='bbox 432 2830 536 2886; x_wconf 89' lang='lat' dir='ltr'>nempe</span> <span class='ocrx_word' id='word_1_192' title='bbox 549 2811 660 2881; x_wconf 90' lang='lat' dir='ltr'>Horon,</span> <span class='ocrx_word' id='word_1_193' title='bbox 676 2807 840 2886; x_wconf 81' lang='lat' dir='ltr'>procreavit</span> <span class='ocrx_word' id='word_1_194' title='bbox 854 2807 946 2884; x_wconf 81' lang='lat' dir='ltr'>Orops</span> <span class='ocrx_word' id='word_1_195' title='bbox 958 2827 965 2864; x_wconf 75' lang='grc' dir='ltr'><strong>ε</strong></span> 
     </span>
     <span class='ocr_line' id='line_1_28' title="bbox 113 2907 719 2986; baseline -0.002 -20"><span class='ocrx_word' id='word_1_196' title='bbox 113 2927 186 2968; x_wconf 78' lang='lat' dir='ltr'>avrrs</span> <span class='ocrx_word' id='word_1_197' title='bbox 198 2907 259 2967; x_wconf 81' lang='lat' dir='ltr'>fuit</span> <span class='ocrx_word' id='word_1_198' title='bbox 271 2909 438 2985; x_wconf 79' lang='lat' dir='ltr'>Archytas:</span> <span class='ocrx_word' id='word_1_199' title='bbox 460 2929 586 2986; x_wconf 81' lang='lat' dir='ltr'>proavus</span> <span class='ocrx_word' id='word_1_200' title='bbox 600 2909 719 2967; x_wconf 61' lang='lat' dir='ltr'>conon?</span> 
     </span>
    </p>

    <p class='ocr_par' dir='ltr' id='par_1_8' title="bbox 156 3007 384 3066">
     <span class='ocr_line' id='line_1_29' title="bbox 156 3007 384 3066; baseline 0.009 -2"><span class='ocrx_word' id='word_1_201' title='bbox 156 3012 181 3064; x_wconf 94' lang='lat' dir='ltr'><strong>l.</strong></span> <span class='ocrx_word' id='word_1_202' title='bbox 205 3009 252 3065; x_wconf 91' lang='grc'><strong>79.</strong></span> <span class='ocrx_word' id='word_1_203' title='bbox 273 3007 331 3066; x_wconf 75' lang='lat' dir='ltr'>Dio</span> <span class='ocrx_word' id='word_1_204' title='bbox 344 3008 384 3066; x_wconf 92' lang='lat' dir='ltr'>N.</span> 
     </span>
    </p>

    <p class='ocr_par' dir='ltr' id='par_1_9' title="bbox 112 3103 968 3365">
     <span class='ocr_line' id='line_1_30' title="bbox 155 3103 968 3184; baseline -0.002 -19"><span class='ocrx_word' id='word_1_205' title='bbox 155 3112 182 3165; x_wconf 92' lang='lat' dir='ltr'><strong>l.</strong></span> <span class='ocrx_word' id='word_1_206' title='bbox 204 3111 253 3168; x_wconf 90' lang='grc'>81.</span> <span class='ocrx_word' id='word_1_207' title='bbox 275 3108 325 3166; x_wconf 85' lang='lat' dir='ltr'>Ita</span> <span class='ocrx_word' id='word_1_208' title='bbox 345 3107 516 3184; x_wconf 85' lang='lat' dir='ltr'>interpungi</span> <span class='ocrx_word' id='word_1_209' title='bbox 535 3107 618 3166; x_wconf 90' lang='lat' dir='ltr'>iubet</span> <span class='ocrx_word' id='word_1_210' title='bbox 641 3106 678 3165; x_wconf 85' lang='lat' dir='ltr'><strong>R.</strong></span> <span class='ocrx_word' id='word_1_211' title='bbox 700 3107 738 3165; x_wconf 90' lang='lat' dir='ltr'>Y.</span> <span class='ocrx_word' id='word_1_212' title='bbox 754 3105 914 3184; x_wconf 80' lang='lat' dir='ltr'>Tyrrelluo,</span> <span class='ocrx_word' id='word_1_213' title='bbox 935 3103 968 3163; x_wconf 91' lang='lat' dir='ltr'>in</span> 
     </span>
     <span class='ocr_line' id='line_1_31' title="bbox 113 3203 968 3282; baseline -0.004 -18"><span class='ocrx_word' id='word_1_214' title='bbox 113 3205 427 3279; x_wconf 71' lang='grc' dir='ltr'><strong>Η11ω1111111,101.11.</strong></span> <span class='ocrx_word' id='word_1_215' title='bbox 450 3205 698 3282; x_wconf 81' lang='lat' dir='ltr'>‘Signaobliquae</span> <span class='ocrx_word' id='word_1_216' title='bbox 706 3204 800 3263; x_wconf 86' lang='lat' dir='ltr'>rotae&#39;</span> <span class='ocrx_word' id='word_1_217' title='bbox 810 3203 968 3279; x_wconf 84' lang='lat' dir='ltr'>sunteigna</span> 
     </span>
     <span class='ocr_line' id='line_1_32' title="bbox 112 3302 461 3365; baseline 0.003 -2"><span class='ocrx_word' id='word_1_218' title='bbox 112 3302 231 3365; x_wconf 82' lang='lat' dir='ltr'>zodiaca</span> <span class='ocrx_word' id='word_1_219' title='bbox 242 3305 349 3365; x_wconf 82' lang='lat' dir='ltr'>iterata</span> <span class='ocrx_word' id='word_1_220' title='bbox 362 3325 379 3364; x_wconf 88' lang='lat' dir='ltr'>a</span> <span class='ocrx_word' id='word_1_221' title='bbox 392 3306 461 3364; x_wconf 86' lang='lat' dir='ltr'>sole.</span> 
     </span>
    </p>

    <p class='ocr_par' dir='ltr' id='par_1_10' title="bbox 157 3399 1022 3479">
     <span class='ocr_line' id='line_1_33' title="bbox 157 3399 1022 3479; baseline 0 -18"><span class='ocrx_word' id='word_1_222' title='bbox 157 3406 182 3461; x_wconf 92' lang='lat'><strong>1.</strong></span> <span class='ocrx_word' id='word_1_223' title='bbox 205 3407 252 3464; x_wconf 84' lang='lat'><strong>85.</strong></span> <span class='ocrx_word' id='word_1_224' title='bbox 273 3409 396 3463; x_wconf 73' lang='lat' dir='ltr'>moneant</span> <span class='ocrx_word' id='word_1_225' title='bbox 406 3405 444 3479; x_wconf 89' lang='lat' dir='ltr'>N,</span> <span class='ocrx_word' id='word_1_226' title='bbox 460 3403 504 3465; x_wconf 91' lang='lat' dir='ltr'><strong>H.</strong></span> <span class='ocrx_word' id='word_1_227' title='bbox 543 3399 938 3479; x_wconf 65' lang='lat' dir='ltr'>mooeootHamhnrgeniia.</span> <span class='ocrx_word' id='word_1_228' title='bbox 1019 3401 1022 3407; x_wconf 74' lang='grc'><strong>”</strong></span> 
     </span>
    </p>
   </div>
   <div class='ocr_carea' id='block_1_3' title="bbox 0 0 1088 3720">
    <p class='ocr_par' dir='ltr' id='par_1_11' title="bbox 0 0 1088 3720">
     <span class='ocr_line' id='line_1_34' title="bbox 0 0 1088 3720; baseline 0 0"><span class='ocrx_word' id='word_1_229' title='bbox 0 0 1088 3720; x_wconf 95' lang='lat' dir='ltr'> </span> 
     </span>
    </p>
   </div>
  </div>
 </body>
</html>
