2168 3720
320 233 538 294 Paosssrn
558 233 618 292 nn.
640 233 703 306 111,
729 236 755 291 1.
903 210 961 287 τ73

374 753 498 813 LIBER
517 753 699 813 TERTIUS.

441 993 640 1001 ——-

527 1185 550 1224 1.

113 1287 298 1345 Garumnam
310 1286 412 1345 Manes
426 1288 456 1344 et
469 1285 521 1344 coi
536 1305 616 1343 sacra
628 1284 770 1357 Philotae,

152 1386 192 1443 In
204 1388 343 1457 vestrum,
360 1404 476 1462 quaeso,
492 1404 539 1443 me
553 1383 639 1442 sinite
652 1383 695 1442 ire
708 1403 820 1442 nemus.

113 1484 229 1544 Primus
242 1504 295 1560 ego
307 1483 456 1558 ingredior
469 1503 543 1559 puro
556 1484 592 1540 de
605 1482 687 1541 fonte
701 1483 833 1542 sacerdos
957 1505 962 1514 ·

152 1583 231 1642 Itala
243 1603 296 1658 per
309 1581 411 1642 Graios
425 1581 506 1656 orgia
518 1581 596 1639 ferre
610 1582 722 1639 choros.
811 1590 816 1599 ’

113 1680 220 1754 Dicite,
236 1700 294 1759 quc
307 1681 417 1757 pariter
431 1700 545 1739 carmen
559 1679 701 1738 tenuastis
714 1680 746 1738 in
760 1679 868 1738 antro?
945 1686 961 1737 5

154 1779 255 1844 Quove
269 1780 342 1856 pede
355 1779 503 1854 ingressi?
523 1800 647 1857 quamve
660 1772 776 1840 bibistis
790 1779 919 1858 aquam?

114 1877 164 1935 Ab
176 1879 282 1951 valeat,
299 1878 449 1938 Phoebum
462 1879 640 1958 quicumque
653 1884 783 1940 moratur
795 1879 827 1938 in
841 1879 927 1938 armis

152 1977 284 2036 Exactus
296 1976 381 2036 tenni
393 1977 508 2054 pumice
521 1999 622 2037 versus
636 1983 692 2052 eat,

115 2078 179 2144 Quo
192 2099 239 2138 mc
252 2079 343 2138 Fama
355 2079 436 2137 levat
449 2083 528 2138 terra
542 2080 682 2152 sublimis,
700 2082 730 2138 ct
743 2100 761 2138 a
773 2099 820 2137 me

153 2177 183 2236 N
183 2180 232 2236 ata
245 2177 387 2236 coronatis
400 2178 487 2236 Musa
499 2179 662 2254 triumphat
677 2178 768 2254 equis,
928 2181 963 2233 10

114 2276 281 2335 semesum
293 2275 326 2334 in
340 2295 427 2334 curru
440 2275 524 2352 parri
537 2279 692 2335 vectantur
705 2276 836 2347 Amores,

154 2374 392 2452 Scriptorumquc
405 2395 483 2433 meas
496 2376 583 2434 turba
596 2378 696 2433 secuta
708 2378 796 2433 rotas.

114 2471 192 2537 Quid
205 2472 315 2531 frustra
328 2473 458 2532 admissis
471 2473 503 2531 in
516 2493 563 2532 me
577 2473 694 2532 certatis
707 2473 852 2533 habenis?

153 2571 182 2629 N
183 2591 221 2629 on
233 2572 321 2630 datur
334 2573 370 2630 ad
383 2573 483 2631 Musas
497 2592 612 2631 currere
625 2573 687 2631 lata
699 2573 756 2632 via.

114 2669 214 2742 Multi,
230 2670 331 2743 Roma,
346 2676 414 2730 tuas
426 2672 528 2730 laudes
541 2671 696 2730 annalibus
709 2672 825 2743 addent,
927 2673 962 2727 15

154 2768 213 2834 Qui
225 2769 314 2828 finem
327 2769 443 2847 imperii
456 2771 563 2830 Bactra
574 2771 678 2830 lutura
691 2775 815 2829 canent:

115 2868 181 2940 Sed,
197 2869 275 2945 quod
288 2889 359 2945 pace
371 2869 460 2945 legas,
477 2890 550 2946 opus
562 2871 617 2929 hoc
630 2871 667 2928 de
679 2874 777 2928 monte
791 2887 920 2928 sororum

153 2966 271 3026 Detulit
283 2967 395 3026 intacta
406 2968 514 3044 pagina
527 2972 626 3027 nostra
639 2968 703 3026 ria.¹

114 3066 225 3139 Mollia,
241 3068 404 3147 Pegasides,
421 3069 488 3127 date
501 3073 597 3128 vestro
612 3072 689 3127 serta
701 3071 822 3145 poetae:

152 3164 220 3223 Non
232 3165 321 3225 faciet
335 3166 424 3242 capiti
438 3164 511 3225 dura
524 3187 628 3226 corona
640 3187 712 3225 meo.
923 3169 961 3222 20

113 3263 156 3322 ht
168 3263 241 3322 mihi
254 3265 333 3342 quod
345 3265 412 3323 vivo
426 3265 588 3324 detraxerit
600 3265 701 3323 invida
713 3265 808 3336 turba,

152 3362 223 3422 Post
237 3363 349 3422 obitum
363 3362 473 3439 duplici
487 3362 587 3422 fenora
600 3363 702 3423 reddet
714 3363 825 3421 Honos.
