2168 3720
176 192 211 243 so
380 184 813 258 110111111111110.

212 344 341 403 Ornabot
353 343 454 403 niveas
467 344 588 402 nullane
602 363 715 418 gemma
728 343 855 403 manns?

174 444 214 500 At
226 445 366 501 maestam
378 442 486 501 teneris
499 446 611 501 vestem
623 442 749 518 pendere
761 442 888 515 lacertis,

213 539 383 618 Scrinisque
396 542 432 600 ed
445 541 515 599 lecti
528 541 627 600 clausa
638 541 732 599 iecere
745 541 857 617 pedes?

99 692 101 696 ,
175 639 278 698 Tristis
291 644 354 698 eret
367 641 477 712 domus,
494 644 525 698 et
537 641 638 699 t1istes
651 660 704 699 suc
716 660 806 716 pensa
818 640 970 700 ministrae
985 647 1015 699 15

212 739 384 815 Carpebant,
399 738 494 797 medio
506 740 596 797 nebat
610 743 640 798 et
652 739 716 815 ipsc
727 739 801 811 loco,

172 838 337 915 Umidaque
348 838 488 914 impressa
501 837 627 896 siccabat
639 838 752 898 lumina
765 838 842 909 lanc,

212 938 348 997 Rettulit.
355 941 385 997 et
398 936 521 1014 querulo
535 936 631 1011 iurgia
644 940 744 995 nostra
758 936 853 996 sono?

177 1038 283 1096 “Haec
296 1040 327 1096 te
340 1040 415 1096 teste
427 1035 500 1094 mihi
509 1035 649 1111 promissa
659 1039 712 1108 est,
724 1035 885 1113 Lygdsme,
896 1036 1018 1096 merces?

212 1138 267 1195 Est
279 1155 388 1212 poenae
402 1154 483 1193 servo
496 1153 631 1209 rumpere
644 1137 720 1194 teste
733 1135 830 1194 fidem.
984 1139 1017 1192 20

173 1237 231 1294 Ille
243 1238 341 1312 potest
352 1230 435 1293 nullo
448 1232 582 1291 miserem
594 1252 640 1291 me
654 1232 787 1310 linquere
800 1233 888 1307 facto,

213 1336 253 1395 Et
266 1334 382 1411 qualem
395 1333 460 1390 11010
473 1332 569 1390 dicere
581 1332 688 1390 hebere
702 1332 795 1390 domo.

173 1434 289 1492 Gaudet
301 1452 348 1490 me
361 1451 453 1491 vacuo
467 1430 557 1489 solem
569 1432 716 1490 tabescere
729 1430 815 1489 lecto.

214 1532 245 1589 Si
258 1533 362 1608 placet,
378 1530 510 1602 insultet,
526 1529 683 1606 Lygdamc,
700 1532 793 1587 morte
807 1548 883 1588 mea.

174 1631 241 1688 Non
253 1650 299 1688 me
313 1629 441 1688 moribus
453 1629 514 1700 ille,
532 1629 582 1687 scd
594 1629 693 1687 herbis
705 1628 837 1704 improba
850 1629 943 1688 vicit:
985 1634 1017 1686 25

214 1728 360 1787 staminea
373 1727 488 1786 rhombi
501 1727 619 1785 ducitur
632 1727 683 1785 ille
696 1731 779 1786 rota:

174 1829 266 1886 Illum
279 1826 425 1901 turgentis
438 1845 525 1884 ranae
539 1829 676 1902 portento
688 1828 809 1885 rubetae

213 1927 252 1985 Et
264 1926 341 1984 lecte
354 1924 464 1983 exectis
479 1925 624 2000 anguibus
637 1945 701 1983 ossa
713 1926 846 1996 trahunt,

174 2026 214 2082 Et
228 2024 326 2099 strigis
338 2023 476 2082 inventae
488 2043 541 2098 per
553 2024 641 2081 busto
654 2023 780 2081 iacentia
792 2023 921 2099 plumae,

214 2124 373 2200 Cinctaque
386 2122 503 2180 funesto
516 2121 601 2179 lanea
614 2121 691 2179 vitto
704 2122 776 2180 viro.
986 2125 1020 2178 30

176 2225 206 2281 si
220 2243 278 2282 non
291 2242 366 2281 vana
379 2223 489 2280 canunt
501 2240 566 2278 mec
579 2220 698 2293 somnia,
713 2220 873 2298 Lygdum,
888 2223 989 2294 testor,

214 2324 309 2382 Poena
323 2322 378 2380 crit
393 2323 460 2380 onte
474 2338 552 2378 meos
565 2339 636 2391 sera,
653 2320 703 2377 sed
716 2319 821 2395 ampla,
836 2320 935 2396 pedes,

174 2422 273 2480 Putris
286 2424 316 2480 et
328 2422 361 2479 111
373 2438 465 2478 vacuo
478 2421 598 2477 texetur
611 2437 716 2477 aranea
727 2418 814 2490 lecto,

214 2520 356 2578 Noctibus
369 2518 487 2576 illorum
500 2517 624 2576 dormiet
637 2516 700 2592 ipso
712 2515 844 2575 Venus.''

176 2621 257 2685 Quae
270 2618 326 2678 tibi
339 2619 364 2677 si
377 2617 454 2677 veris
467 2617 571 2675 animis
585 2619 630 2675 est
643 2620 748 2693 questa
760 2616 869 2692 puelle,
987 2622 1022 2673 35

213 2720 278 2778 Hac
292 2719 390 2777 eodem
403 2737 512 2789 rursus,
527 2716 685 2794 Lygdame,
702 2735 784 2773 curre
798 2715 856 2786 vie,

175 2821 214 2877 Et
227 2838 291 2876 mee
305 2837 371 2876 cum
383 2815 486 2874 multis
498 2815 624 2872 lacrimis
638 2814 774 2871 mandato
786 2816 912 2888 reporto,

216 2920 303 2988 Iram,
318 2934 377 2973 non
389 2913 508 2972 fraudes
522 2932 583 2971 esse
597 2912 629 2970 111
643 2931 739 2969 amore
752 2931 835 2969 meo:

175 3018 224 3075 blo
239 3034 355 3092 quoque
369 3011 511 3073 consimili
523 3011 692 3087 impositum
704 3010 869 3087 torquerier
880 3009 963 3085 igni:

215 3116 323 3173 Iurobo
336 3114 381 3172 bis
395 3132 448 3172 sex
460 3111 575 3184 integer
588 3129 649 3168 esse
663 3109 733 3168 dies.
986 3114 1023 3167 40

177 3216 261 3279 Quod
273 3213 311 3272 mi
325 3214 350 3272 si
364 3233 379 3271 e
392 3214 475 3272 tento
487 3209 563 3268 felix
577 3207 727 3266 concordia
740 3208 817 3266 bello

105 3327 108 3335 ’
215 3314 366 3387 Extiterit,
381 3332 434 3390 per
446 3331 501 3385 me,
517 3311 674 3388 Lygdame,
690 3308 844 3368 libereris.
