2168 3720
132 205 197 261 lxiv
399 199 708 258 Posssofflmt

133 361 221 418 huius
231 359 488 417 codicisrationem
499 358 711 434 imprimisnon
721 354 986 414 habendamfuisse

134 458 338 516 aBaehreusio
356 458 550 532 archetypum
562 456 787 531 Propertiuuum
803 454 987 528 redintegra·

133 563 210 614 turo.
252 556 309 613 Sed
328 556 418 612 etiam
435 554 463 611 si
478 555 588 629 placita
605 573 658 611 sua
676 552 844 628 probaverit
862 573 925 611 non
944 558 988 610 est

135 676 187 712 our
214 653 401 729 Neapolitani
429 652 512 711 ducis
544 653 702 728 poeniteat,
733 653 787 729 qui
818 652 930 710 mirum
956 653 990 708 in

135 753 253 810 modum
272 755 412 825 congruat
425 771 494 809 cum
512 752 659 809 codicibus
672 771 691 808 a
702 750 881 809 Baehrensio
894 751 990 808 maxi-

136 853 177 910 mi
188 851 306 909 habitis.

176 950 349 1008 Seddehac
363 948 992 1008 editioneliberinsdissereudioecasionem

136 1049 258 1106 fumasse
276 1047 434 1104 nanciscar.
473 1047 559 1112 Quod
571 1048 608 1106 de
620 1068 667 1106 me
681 1047 947 1107 subcontumeliose
959 1048 992 1104 in

136 1146 316 1223 praefatione
329 1146 375 1203 ed
386 1165 457 1204 suae
468 1146 586 1204 locutus
599 1152 645 1205 est
656 1147 705 1205 vir
716 1148 828 1216 doctus,
844 1149 876 1205 et
889 1147 992 1206 ‹mtioo

138 1249 169 1303 et
188 1244 364 1303 Baehrensio
386 1243 475 1304 iacile
494 1246 621 1319 igrrosco,
646 1266 700 1304 neo
723 1266 778 1322 par
798 1245 865 1322 pari
881 1245 993 1304 referre

139 1344 251 1403 studeo.

179 1442 261 1507 Quae
274 1445 375 1499 contra
383 1461 479 1499 meam
491 1442 687 1500 coniecturam
695 1443 830 1502 lordosis
841 1449 869 1501 3.
882 1447 929 1502 11.
943 1447 992 1502 18.

140 1540 304 1610 cavillatur,
316 1540 404 1597 nihili
416 1541 490 1599 mihi
499 1541 639 1600 videntur
651 1563 722 1601 esse.
753 1543 832 1602 Nam
844 1547 995 1601 auctorem

141 1640 194 1717 qui
208 1639 355 1716 synizesin
374 1640 431 1697 sibi
442 1641 608 1716 permiserit
620 1642 654 1700 in
668 1644 779 1715 wedam,
799 1644 897 1714 eom,
914 1643 996 1701 simi-

140 1740 199 1796 lem
212 1739 262 1796 sed
275 1739 361 1812 longe
378 1738 540 1798 faciliorem
552 1741 637 1817 (licet
653 1741 687 1799 in
701 1743 844 1800 vocabulo
857 1742 993 1818 Gracco),

142 1836 198 1895 sibi
220 1837 369 1895 licentiam
390 1857 450 1895 non
471 1859 533 1897 esse
554 1840 773 1916 permissuum
795 1841 927 1900 cuiusvis
950 1846 996 1900 est

142 1955 313 2008 asseverare,
329 1938 459 1996 nondum
471 1939 598 1997 adducor
610 1944 646 1998 ut
658 1941 783 1999 credam.

181 2036 224 2094 At
242 2037 290 2095 hio
312 2036 487 2095 Baebreusio
508 2038 617 2112 gratias
636 2059 689 2113 ago
706 2039 786 2116 quod
804 2038 879 2096 mibi
897 2040 998 2097 locum

143 2137 310 2212 praebuerit
329 2136 468 2195 lectiones
487 2138 636 2213 quosdam,
659 2157 732 2216 quas
751 2158 815 2196 meo
835 2139 933 2197 Marte
951 2159 998 2196 re·

145 2239 296 2310 superatas
308 2255 360 2312 pro
381 2236 453 2294 meis
466 2236 600 2295 editurus
613 2257 701 2309 mam,
719 2237 792 2296 viris
805 2238 899 2296 doctis
911 2238 998 2296 resti·

145 2335 249 2393 tuendi
259 2335 310 2412 qui
324 2340 393 2395 ante
405 2355 452 2395 me
463 2337 561 2396 eadem
570 2337 796 2414 proposuissent.
828 2338 1000 2396 Sexcenties

146 2433 224 2490 enim
243 2434 297 2492 hoo
311 2435 386 2492 mibi
404 2436 518 2506 accidit,
534 2440 569 2494 ut
589 2437 806 2495 emendationes
823 2455 903 2494 meas
915 2457 999 2513 prae-

146 2536 300 2608 occupatas
319 2533 482 2593 invenirem
496 2536 532 2593 ab
552 2535 627 2607 aliis,
642 2535 815 2611 praesertim
834 2535 997 2606 Germanis,

148 2651 273 2707 quorum
302 2632 484 2691 coniecturae
510 2632 568 2691 nisi
593 2633 625 2691 in
651 2633 828 2692 editionibus
853 2634 1000 2710 Propertii

147 2736 283 2795 laudatae
296 2735 467 2795 difficillime
480 2736 517 2795 ad
529 2740 659 2795 nostram
671 2737 789 2797 Thulen
801 2738 973 2797 deveniunt.

188 2827 246 2888 Sed
258 2831 294 2888 ut
307 2847 393 2886 suum
406 2827 513 2905 cuique
525 2828 643 2887 reddam

289 2932 317 2989 9.
339 2945 459 2986 muscoso
472 2925 547 2985 coni.
563 2930 631 2986 ante
644 2947 690 2986 me
704 2928 839 2987 Knmros.

316 3030 346 3087 b.
373 3027 434 3086 Hic
460 3026 584 3086 Phoebus
609 3026 717 3086 Bhoebo
745 3028 823 3105 quod
848 3027 881 3086 in
907 3028 999 3104 praei.

337 3144 437 3187 menso
468 3125 631 3202 Septembri
661 3127 735 3185 1873
764 3127 871 3203 scripta
897 3146 1001 3204 propo-

337 3224 494 3286 oouieoisse
513 3225 688 3284 Hoosrrrou
707 3225 800 3286 Peric.
819 3225 891 3287 crit.
905 3245 935 3302 p.
952 3230 1000 3284 38.
