2168 3720
150 221 186 273 58
359 217 576 276 PROPERTII
596 218 656 275 ΕΒ.
678 218 723 290 ΙΙ,
739 221 787 276 26.

188 374 248 434 Nec
262 374 320 433 iam
332 394 432 433 umore
446 394 547 449 graves
560 376 663 434 tollere
676 394 760 451 posse
774 395 879 447 eomas,

149 471 268 536 Qualem
283 473 438 548 purpureis
452 474 592 548 agitatam
605 474 744 533 fluctibus
757 475 877 546 Hellen,
983 481 1000 533 5

187 572 285 629 Aurea
298 591 385 648 quam
398 573 480 630 molli
493 576 607 647 tergore
620 573 705 632 vexit
719 572 791 632 ovis.

148 673 242 738 Quam
255 673 350 745 timui,
365 693 403 732 ne
416 674 492 733 forte
504 678 590 733 tuum
602 695 681 733 mare
694 695 800 733 nomen
813 675 944 748 haberet,

190 774 284 850 Teque
297 777 349 832 tua
362 775 463 832 labens
475 774 576 832 navita
589 775 673 833 fleret
687 774 781 851 aqua!

149 872 230 937 Quae
242 876 307 931 turn
320 893 373 947 ego
387 873 534 948 Neptuno,
545 892 619 949 quae
628 879 693 931 tum
703 893 769 931 cum
779 873 896 933 Castore
904 873 999 945 fratri,

188 972 328 1049 Quaeque
340 973 397 1031 tibi
410 972 521 1048 excepi,
537 973 595 1030 iam
608 973 661 1030 dea
675 973 859 1032 Leucothoe!
964 979 1000 1031 10

147 1073 191 1132 At
203 1076 238 1131 tu
251 1073 304 1131 vix
316 1073 423 1149 primas
437 1073 581 1130 extollens
595 1072 711 1146 gurgite
724 1073 835 1148 palmas

189 1174 280 1250 Saepe
293 1194 391 1232 meum
403 1193 509 1231 nomen
522 1173 580 1231 iam
593 1173 724 1248 peritura
737 1193 831 1232 vocas.

150 1273 234 1338 Quod
244 1272 269 1331 si
280 1272 356 1331 forte
369 1276 436 1331 tuos
449 1273 569 1331 vidisset
583 1272 711 1330 Glaucus
725 1273 839 1344 ocellos,

189 1372 274 1430 Esses
287 1371 365 1429 Ionii
377 1371 457 1430 iacta
469 1371 569 1447 puella
581 1370 679 1443 maris,

149 1470 188 1529 Et
200 1470 256 1529 tibi
269 1472 306 1529 ob
318 1469 458 1529 invidiam
472 1469 610 1529 Nereides
623 1467 841 1544 increpitarent,
963 1475 998 1527 15

188 1568 316 1626 Candida
328 1569 448 1644 Nesaee,
463 1571 579 1627 caerula
593 1570 761 1647 Cymothoe.

148 1669 205 1727 Sed
217 1668 273 1728 tibi
286 1668 412 1727 subsidio
425 1669 596 1745 delphinum
610 1689 724 1728 currere
734 1669 805 1742 vidi,

188 1766 256 1838 Qui,
271 1768 352 1842 puto,
368 1766 524 1824 Arioniam
532 1771 657 1826 vexerat
670 1769 738 1826 ante
751 1768 855 1845 lyram.

148 1866 270 1941 Iamque
283 1884 336 1939 ego
350 1867 473 1924 conabar
487 1885 597 1924 summo
610 1886 656 1925 me
669 1866 786 1924 mittere
800 1885 878 1938 1111,

188 1964 261 2022 Cum
274 1963 348 2022 mihi
360 1964 495 2023 discnssit
507 1965 579 2023 talia
594 1966 656 2025 visa
668 1969 773 2025 metus.
961 1970 998 2022 20

525 2143 619 2204 xxrrb.

149 2263 236 2320 Nunc
250 2263 429 2322 admirentur
442 2263 520 2340 quod
532 2266 594 2322 11111
606 2263 679 2320 mihi
692 2263 815 2339 pulchra
827 2263 927 2338 puella

189 2361 311 2433 Serviat,
328 2364 358 2420 11
371 2365 433 2421 1111
446 2362 526 2421 dicar
538 2363 570 2420 in
583 2364 655 2421 urbe
668 2365 781 2438 potens.

149 2459 225 2531 Non,
242 2460 266 2518 si
280 2460 438 2538 Cambysae
451 2462 571 2520 redeant
584 2464 614 2520 et
627 2460 748 2518 flumina
762 2457 868 2532 Croesi,

187 2560 291 2619 Dicat:
316 2565 336 2592 “
346 2560 391 2620 De
404 2565 502 2620 nostro
517 2582 610 2636 surge,
626 2565 721 2637 poeta,
737 2560 829 2619 tor0.’'

88 2672 125 2715 (2⁶)
149 2659 225 2716 Nam
238 2678 302 2716 mea
316 2678 381 2716 cum
394 2661 507 2732 recitat,
524 2660 596 2719 dicit
610 2680 639 2718 se
653 2660 746 2718 odisse
759 2661 878 2718 beatos:
981 2664 998 2715 5

189 2758 325 2816 Carmina
337 2761 398 2817 tam
413 2762 512 2818 sancte
525 2761 609 2818 nulla
621 2760 722 2836 puella
735 2759 813 2819 colit.

148 2858 279 2916 Multum
292 2857 324 2915 in
338 2877 432 2916 amore
446 2859 526 2930 fides,
543 2860 670 2918 multum
684 2857 846 2917 constantia
858 2857 996 2934 prodest:

188 2958 247 3023 Qui
260 2958 328 3016 dare
341 2958 435 3016 multa
447 2960 552 3034 potest,
568 2959 664 3017 multa
676 2961 706 3017 11
720 2977 814 3016 amare
828 2959 933 3033 potest.

149 3058 208 3116 Seu
220 3076 299 3115 mare
311 3077 364 3133 per
376 3057 498 3131 longum
510 3077 574 3115 mea
588 3057 697 3132 cogitet
709 3057 752 3116 ire
765 3057 874 3134 puella,

98 3166 134 3208 11)
187 3157 273 3214 Hanc
287 3174 400 3232 sequar,
416 3159 447 3214 11
459 3155 532 3213 fidos
544 3175 604 3213 una
617 3159 685 3230 aget
698 3175 769 3215 aura
782 3157 864 3215 duos.
964 3159 999 3212 10

148 3256 247 3314 Unum
259 3254 332 3312 litus
345 3253 402 3312 erit
416 3253 516 3329 sopitis
529 3273 646 3330 unaque
659 3257 737 3313 teoto

187 3354 291 3425 Arbor,
307 3355 337 3411 et
350 3372 389 3411 11
402 3372 462 3411 una
474 3372 558 3430 saepe
571 3353 703 3412 bibemus
716 3372 800 3430 aqua,
