2168 3720
335 213 553 271 PROPERTII
574 213 633 270 ΕΒ.
657 214 701 283 ΙΙ,
726 219 752 270 9.
936 215 972 272 37

112 373 190 432 Cum
204 372 260 431 tibi
274 391 328 430 nec
342 371 447 430 Peleus
461 371 561 429 aderat
574 390 627 429 neo
641 373 757 430 caerula
771 375 872 442 mater,
938 377 971 429 15

157 470 259 548 Scyria
270 490 325 529 neo
338 469 427 529 viduo
440 470 593 528 Deidamia
605 470 678 528 viro.

113 565 200 628 Tunc
213 570 308 644 igItur
323 569 397 627 veris
411 570 557 643 gaudebat
571 568 692 627 Graecia
704 569 800 628 natis:

157 670 240 727 Tunc
255 667 344 727 etiam
357 667 432 726 felix
445 668 524 726 inter
538 671 568 726 et
582 687 662 726 arma
674 669 776 743 pudor.

115 769 161 826 At
173 771 208 826 tu
221 787 281 826 non
294 787 354 825 una
367 766 492 842 potuisti
504 770 590 825 nocte
603 786 715 837 vacare,

158 867 263 942 Impia,
279 885 339 924 non
352 884 445 923 uuum
459 867 519 923 sola
532 885 649 923 manere
662 865 748 923 diem.
935 872 972 924 20

118 965 199 1029 Quin
213 963 303 1022 etiam
316 965 410 1022 multo
421 963 549 1022 duxistis
563 966 668 1039 pocula
680 964 742 1023 risu
755 986 761 1022 ε

157 1063 294 1121 Forsitan
309 1063 387 1122 etde
401 1083 447 1121 me
460 1064 549 1121 verba
560 1063 643 1121 fuere
657 1065 742 1122 mala.

117 1162 178 1220 Hic
192 1162 281 1220 etiam
293 1161 413 1237 petitur,
431 1161 482 1237 qui
495 1165 525 1220 te
538 1161 619 1237 prius
635 1161 696 1237 ipse
710 1161 840 1238 reliquit.

159 1259 199 1318 Di
211 1259 329 1334 faciant,
344 1260 401 1318 isto
415 1263 500 1335 capta
512 1260 609 1318 fruare
624 1261 703 1319 viro!

119 1360 202 1418 Haeo
215 1359 289 1417 mihi
302 1362 371 1417 vota
384 1362 466 1417 tuam
480 1363 598 1435 propter
611 1363 745 1436 suscepta
759 1361 892 1432 salutem,
936 1365 972 1418 25

160 1458 234 1517 Cum
248 1457 342 1533 capite
354 1457 409 1516 hoo
424 1457 543 1534 Stygiae
556 1458 615 1515 iam
628 1461 800 1534 poterentur
813 1479 914 1536 aquae,

120 1558 161 1615 nt
174 1557 284 1615 lectum
297 1556 401 1615 flentcs
415 1555 524 1614 emaum
539 1560 681 1615 staremus
695 1556 804 1615 amici?

161 1655 220 1714 Hic
234 1655 286 1714 ubi
298 1664 372 1727 tum,
388 1656 462 1731 proh
476 1655 515 1726 di,
531 1655 649 1731 perfida,
666 1655 770 1732 quisve
782 1655 866 1714 fuit?

123 1754 201 1820 Quid
216 1753 239 1812 si
253 1753 428 1830 longinquos
441 1753 583 1812 retinerer
595 1754 679 1812 miles
693 1755 729 1812 ad
742 1755 841 1827 Indos,

162 1855 226 1912 Aut
238 1872 303 1911 mea
316 1853 341 1911 si
355 1856 445 1912 staret
457 1853 541 1911 navis
554 1852 586 1910 in
600 1852 736 1911 Oceano?
938 1859 974 1911 30

123 1952 180 2010 Sed
193 1952 275 2011 vobis
287 1950 374 2010 facile
388 1954 441 2023 est,
457 1953 546 2010 verba
560 1954 589 2009 et
603 1971 773 2027 componere
786 1951 923 2009 fraudes:

161 2050 226 2109 Hoc
240 2070 333 2109 unum
347 2049 451 2108 didicit
463 2049 573 2108 femina
587 2069 701 2125 semper
714 2069 795 2126 opus.

121 2149 151 2208 N
152 2169 190 2208 on
204 2149 244 2208 sio
257 2149 369 2207 incerto
382 2151 536 2208 mutantur
548 2148 665 2207 flamine
681 2149 791 2225 Syrtes,

162 2248 191 2305 N
192 2267 224 2306 eo
237 2247 309 2305 folia
321 2247 442 2306 hiberno
456 2251 517 2306 tam
529 2247 700 2306 tremefacta
713 2247 800 2318 Noto,

124 2348 218 2412 Quam
233 2346 291 2406 cito
303 2346 430 2405 feminea
442 2366 501 2404 non
515 2349 629 2404 constat
641 2345 745 2404 ioodus
758 2345 855 2417 inira,
940 2350 975 2402 35

166 2448 234 2507 Sive
249 2467 282 2506 ca
295 2467 381 2506 causa
395 2448 492 2522 gravis
506 2447 567 2506 sive
581 2466 615 2505 ea
629 2466 715 2505 causa
727 2446 810 2504 levis.

52 2542 55 2548 ’
125 2547 222 2617 Nunc,
239 2547 376 2622 quoniam
389 2547 446 2606 ista
459 2546 515 2606 tibi
527 2546 639 2623 placuit
653 2546 806 2617 sententia,
823 2546 940 2604 cedam:

165 2645 247 2717 Tela,
262 2665 371 2721 precor,
386 2646 479 2721 pueri,
495 2645 619 2721 promite
633 2649 719 2704 acuta
732 2644 833 2719 magis,

125 2743 224 2817 Figite
238 2746 392 2816 certantes,
409 2748 498 2820 atque
511 2746 587 2803 hano
601 2744 673 2802 mihi
687 2745 791 2803 solvite
804 2743 915 2802 vitam:

168 2842 294 2917 Sanguis
307 2842 364 2901 erit
377 2842 459 2902 vobis
472 2843 600 2901 maxima
613 2843 710 2918 palma
723 2862 814 2901 meus.
943 2844 981 2896 40

107 2962 111 2970 ’
128 2941 231 3000 Sidera
245 2945 314 3000 sunt
327 2945 417 3001 testes
431 2945 461 3001 et
474 2943 620 3001 matutina
633 2943 739 3018 pruina

168 3041 208 3099 Et-
217 3040 323 3099 furtim
336 3041 439 3099 misero
453 3042 542 3100 ianua
556 3045 657 3117 aperta
670 3040 760 3099 mihi:

129 3141 171 3198 To
184 3140 261 3198 nihil
275 3139 307 3198 in
321 3139 383 3198 vita
396 3141 479 3199 nobis
493 3141 640 3217 acceptius
654 3158 809 3215 umquam:

168 3239 255 3299 Nunc
269 3259 386 3317 quoquc
400 3240 464 3313 eris,
481 3233 613 3316 quamvis
628 3239 667 3298 sio
680 3237 799 3296 inimica
811 3235 892 3294 mihi.

129 3339 158 3398 N
159 3358 191 3397 co
204 3338 321 3397 domina
334 3339 398 3397 ulla
410 3358 473 3397 meo
486 3344 576 3415 ponet
590 3337 713 3412 vestigia
725 3338 821 3396 lecto:
946 3338 982 3390 45

1024 3448 1055 3504 Δ
