2168 3720
118 225 174 279 130
335 216 635 276 morsuum-sn.
657 218 712 292 rr,
736 224 764 278 s.

115 378 189 437 Cum
202 376 298 436 subito
311 375 393 435 rauci
407 379 567 435 sonuerunt
580 375 696 435 cardine
709 379 817 453 postes,

155 480 196 538 Et
207 477 285 537 levia
298 478 335 535 ad
347 477 455 554 primos
469 496 618 535 murmura
629 476 709 536 facta
721 477 821 538 Lares.
933 485 968 537 50

116 578 179 637 Nec
191 597 279 649 more,
295 596 362 635 cum
374 579 452 634 totas
464 575 617 651 resupinat
630 575 759 654 Cynthia
771 578 885 651 valvas,

152 675 182 734 N
183 696 221 734 cn
234 694 353 752 operosa
366 674 463 748 comis,
480 675 531 733 sed
542 674 703 733 furibunda
717 674 831 734 decens.

115 777 223 834 Pocula
236 775 278 833 mi
291 774 398 849 digitos
411 775 489 833 inter
503 774 631 835 cecidere
644 774 789 847 remissos,

150 875 383 950 Palluerantque
396 871 460 948 ipso
473 873 556 932 labra
570 854 666 932 seluta
678 893 768 932 mero.

112 973 264 1032 Fulminat
276 973 330 1030 illa
343 972 436 1031 oculis
449 975 480 1031 et
493 976 637 1049 quantum
649 972 760 1032 femina
773 973 887 1033 saevit:
932 981 968 1032 55

152 1073 335 1150 spectaclum
349 1074 434 1148 capta
450 1090 504 1129 nec
518 1071 616 1130 minus
627 1073 700 1130 urbe
712 1071 784 1131 tuit.

112 1174 266 1251 Phyllidos
278 1173 368 1231 iratos
380 1172 413 1229 in
426 1172 544 1231 vultum
558 1170 666 1231 conicit
679 1191 814 1248 ungues:

153 1271 268 1331 Territa
281 1270 392 1329 vicinas
406 1269 477 1328 Teia
490 1270 596 1329 clamat
609 1289 692 1329 auus.

112 1370 238 1430 Lumina
251 1369 359 1445 sopitos
372 1370 497 1428 turbant
510 1370 588 1428 elata
602 1369 741 1443 Quirites,

152 1469 254 1528 Omnis
267 1472 298 1528 ct
310 1468 414 1526 insana
427 1468 530 1527 semita
543 1488 610 1527 soce
624 1472 717 1528 sonat.
802 1494 806 1500 ·
929 1476 966 1528 60

115 1570 188 1628 Illas
202 1569 382 1646 direptisque
397 1568 485 1627 comis
497 1568 664 1646 tunicisque
678 1569 782 1628 solutis

153 1669 275 1744 Excipit
288 1669 426 1727 obscurae
439 1667 534 1743 prima
547 1669 668 1727 taberna
680 1668 754 1728 riae.

114 1768 242 1846 Cynthia
256 1768 364 1843 gaudet
376 1767 410 1826 in
423 1767 539 1825 exuviis
552 1767 720 1845 victrixque
733 1769 858 1828 recurrit

153 1869 194 1926 Et
206 1887 270 1927 mea
282 1886 419 1943 perversa
432 1865 544 1924 sauciat
559 1886 609 1924 ora
622 1886 719 1939 manu,

114 1967 293 2044 Inponitque
305 1969 405 2024 notam
418 1964 492 2023 00110
506 1984 663 2042 morsuque
677 1970 822 2040 cruentat,
927 1975 963 2026 65

153 2067 370 2143 Praecipueque
383 2065 490 2137 oculos,
505 2065 557 2140 qui
570 2085 710 2138 meruere,
726 2066 805 2126 ferit.

112 2168 213 2243 Atque
226 2165 279 2223 ubi
291 2165 349 2223 iam
362 2163 469 2222 nostris
482 2163 603 2222 lassavit
615 2164 734 2223 brachia
746 2165 849 2241 plagis,

152 2265 319 2341 Lygdamus
332 2263 368 2320 ad
380 2261 477 2338 plutei
489 2261 586 2320 fulcra
600 2261 717 2321 sinistra
729 2263 824 2323 latens

114 2364 245 2434 Eruitur,
262 2361 437 2437 geniumque
451 2380 548 2418 meum
560 2364 722 2436 prostratus
734 2363 844 2422 adorat.

154 2461 312 2538 Lygdame,
327 2459 372 2517 nil
384 2458 487 2535 potui:
509 2463 608 2518 tecum
622 2479 674 2535 ego
689 2464 791 2536 captus
804 2481 892 2521 eram.
927 2466 964 2520 70

115 2559 302 2636 supplicibus
315 2558 421 2633 palmis
433 2562 498 2616 tum
508 2559 625 2616 demum
638 2561 675 2618 ad
686 2559 803 2619 foedera
816 2560 893 2637 veni,

96 2662 99 2667 '
153 2662 227 2720 Cum
240 2661 292 2719 vix
305 2661 466 2735 tangendos
479 2660 615 2736 praebuit
627 2661 681 2720 illa
693 2662 790 2738 pedes,

26 2743 29 2752 ¹
113 2763 213 2838 Atque
227 2760 285 2818 ait:
311 2765 330 2794 “
340 2759 491 2818 Admissae
505 2759 530 2818 si
543 2760 588 2818 vis
601 2781 647 2819 me
660 2761 809 2836 ignoscere
822 2764 936 2841 culpae,

31 2850 34 2858 ⁸
152 2860 270 2936 Accipe,
287 2878 361 2935 quae
374 2861 490 2917 nostrae
503 2858 630 2919 formula
642 2860 716 2936 legis
730 2861 795 2920 erit.

112 2960 157 3018 Tu
170 2980 266 3036 neque
279 2957 417 3033 Pompeia
430 2957 593 3033 spatiabere
612 2961 709 3020 cultus
722 2960 755 3018 in
767 2962 879 3034 umbra,
925 2965 961 3022 75

149 3058 179 3116 N
180 3078 212 3116 ec
225 3077 292 3115 cum
305 3056 446 3114 lascivum
460 3059 571 3115 sternet
583 3059 692 3118 harena
704 3060 810 3120 forum.

112 3157 194 3215 Colla
207 3176 275 3214 cave
289 3155 421 3213 inflectas
435 3155 472 3212 ad
485 3175 630 3215 summum
644 3158 763 3237 obliqua
776 3161 927 3219 theatrum

150 3257 213 3315 Aut
225 3255 329 3314 lectica
342 3259 411 3314 tuae
426 3255 501 3314 sidat
515 3261 615 3332 aperta
627 3278 733 3321 morae.

109 3357 276 3435 Lygdamus
289 3353 430 3432 inprimis,
446 3354 539 3414 omnis
551 3355 625 3414 mihi
639 3377 724 3417 causa
738 3361 894 3436 querellae,
