2168 3720
323 238 544 299 PROPERTII
564 238 625 298 EL.
646 238 693 312 II,
709 242 757 298 34.

113 398 172 458 Sed
184 417 244 456 non
257 401 326 457 aute
339 397 423 472 gravi
435 400 539 456 taurus
553 396 716 456 succumbit
729 399 833 469 aratro,

154 495 270 555 Cornua
282 516 371 573 quam
383 495 489 554 validis
502 494 629 554 haeserit
642 493 674 552 in
687 493 811 570 laqueis,

112 595 144 653 N
145 614 176 654 ee
189 597 226 653 tu
240 599 299 653 tarn
312 595 400 653 duros
413 614 465 671 per
478 597 509 654 te
522 593 643 670 patieris
658 612 786 652 amores:

154 691 350 751 Truxtamen
363 692 477 751 anobis
491 696 559 752 ante
573 693 734 752 domandus
748 691 813 751 eris.

113 791 229 850 Harum
243 790 328 848 nulla
341 790 415 850 solet
427 790 570 849 rationem
585 809 723 867 quaerere
736 789 847 863 mundi,

155 889 219 950 Nec
232 909 285 949 eur
296 889 435 948 fraternis
448 889 534 948 Luna
545 889 659 948 laboret
674 887 765 964 equis,

115 989 147 1047 N
147 1009 179 1048 ec
193 988 298 1065 sipost
311 988 430 1066 Stygias
444 987 556 1065 aliquid
569 986 738 1046 restabimuc
751 988 849 1061 urowa,

155 1087 186 1147 N
186 1108 219 1148 ec
233 1088 258 1147 si
272 1089 405 1148 consulto
417 1087 545 1146 fulmina
557 1087 645 1146 missa
657 1089 771 1146 tonent.

117 1186 226 1262 Aspice
237 1205 293 1259 me,
310 1186 358 1245 eui
370 1205 461 1263 parva
474 1184 552 1244 domi
564 1184 686 1243 fortuna
697 1184 801 1245 relicta
814 1187 868 1258 est,

158 1285 269 1346 Nullus
282 1288 313 1345 et
326 1285 447 1362 antique
460 1285 557 1344 Marte
569 1284 737 1360 triumphus
749 1284 806 1358 avi,

118 1385 163 1444 Ut
175 1403 295 1460 regnem
308 1383 416 1442 mixtas
429 1382 508 1442 inter
522 1382 644 1442 conviva
655 1383 770 1458 puellas
831 1384 834 1392 '

157 1484 224 1542 Hoc
238 1501 300 1558 ego,
316 1502 374 1560 quo
387 1481 444 1542 tibi
456 1502 536 1541 nune
550 1481 655 1555 elevor,
670 1481 798 1557 ingenio.

119 1581 169 1640 Mc
181 1581 265 1640 iuvet
277 1579 422 1641 hesternis
435 1581 563 1658 positum
576 1581 716 1655 languere
730 1580 854 1655 corollis,

160 1679 254 1746 Quem
266 1679 369 1754 tetigit
379 1679 460 1738 iaetu
474 1682 571 1739 certus
584 1681 621 1738 ad
634 1699 697 1739 ossa
710 1680 791 1755 deus,

120 1777 207 1837 Actia
219 1777 376 1853 Virgilium
389 1777 516 1837 custodis
528 1777 617 1839 litora
629 1778 748 1852 Phoebi,

161 1875 291 1951 Caesaris
304 1878 335 1935 et
347 1876 439 1935 fortes
453 1876 548 1936 dicere
561 1896 644 1953 posse
656 1881 744 1950 rates,

121 1973 180 2040 Qui
192 1992 272 2034 nune
285 1975 402 2034 Aeneae
416 1974 534 2035 Troiani
547 1975 669 2036 suscitat
682 1994 762 2034 arma

159 2073 302 2151 Iactaqne
314 2073 436 2134 Lavinis
449 2074 562 2134 moenia
574 2074 720 2134 litoribus.

122 2171 223 2231 (ledite
236 2171 362 2236 Romani
375 2171 537 2248 scriptores,
554 2172 647 2232 cedite
661 2171 750 2232 Grai:
932 2176 968 2229 65

161 2269 267 2330 Nescio
281 2269 354 2348 quid
365 2270 460 2352 maius
473 2270 604 2329 nascitur
617 2269 721 2328 Iliade.

122 2370 168 2429 Tu
181 2369 262 2430 canis
275 2370 404 2430 umbrosi
417 2373 518 2430 subter
530 2369 631 2446 pineta
644 2369 760 2440 Galaesi

162 2469 291 2547 Thyrsin
303 2472 334 2529 et
347 2469 465 2547 adtritis
477 2469 617 2549 Daphnin
630 2468 831 2549 arundinibus,

123 2569 224 2645 thue
237 2567 337 2628 decem
349 2568 462 2645 possint
476 2587 657 2645 corrumpere
670 2569 748 2627 mala
759 2568 882 2646 puellas,

163 2667 272 2726 Missus
286 2671 316 2726 et
329 2666 467 2743 inpressis
480 2667 591 2727 haedus
604 2668 640 2727 ab
652 2667 800 2727 uberibus.
936 2667 973 2725 70

125 2765 222 2839 Felix,
238 2764 291 2842 qui
302 2764 377 2825 viles
389 2765 483 2842 pomis
495 2765 631 2835 mercaris
644 2765 773 2825 amores!

164 2863 247 2923 Huic
260 2864 332 2924 lieet
344 2863 477 2939 ingratae
491 2863 612 2942 Tityrus
624 2864 687 2941 ipse
701 2867 795 2924 canat.

127 2962 215 3022 Felix
227 2961 374 3022 intactum
388 2962 522 3039 Corydon
536 2962 589 3040 qui
601 2965 728 3040 temptat
740 2960 851 3022 Alexin

167 3062 322 3137 Agricolae
335 3061 445 3120 domini
458 3080 576 3138 carpere
588 3061 707 3140 delicias
718 3060 725 3121 l

129 3159 270 3228 Quemvis
282 3160 334 3220 ille
345 3181 402 3220 sua
414 3161 508 3220 lassus
520 3160 685 3238 requiescat
697 3178 797 3232 evena,
938 3159 975 3217 75

169 3261 321 3320 Laudatur
332 3259 429 3318 facilis
441 3259 520 3319 inter
531 3259 762 3337 Hamadryadas.

130 3358 176 3419 Tu
190 3357 270 3423 canis
283 3357 402 3418 Ascrad
414 3357 523 3419 veteris
535 3360 690 3435 praecepta
701 3359 813 3434 poetae,
