2168 3720
316 215 532 275 rnoranru
553 215 613 275 au.
635 215 787 289 1,10.11.
939 221 973 274 13

120 375 196 447 Neu,
213 374 238 432 si
252 373 325 450 quid
333 373 429 450 petiit,
444 372 560 447 ingrata
572 372 669 432 fronte
682 374 805 448 negaris,

160 472 227 531 Neu
239 471 296 531 tibi
307 491 361 548 pro
374 491 449 530 vano
462 473 551 531 verba
560 472 687 546 benigna
701 473 813 531 cadant.

122 571 348 645 Irritatavenit,
364 572 480 648 quando
494 571 691 630 contemnitur
702 572 763 643 illa,
935 578 971 629 25

161 670 223 730 Nec
235 670 369 729 meminit
382 670 475 728 iustas
487 689 594 745 ponere
607 670 685 729 laesa
697 670 791 729 minas
803 693 810 728 :

122 773 165 827 at
178 788 236 845 quo
250 768 290 826 sis
303 768 423 826 humilis
436 770 529 842 magis
543 772 573 827 ct
586 768 734 827 subiectus
747 769 845 842 amori,

161 869 227 927 Hoc
239 867 334 942 magis
348 868 453 927 effecto
466 887 550 945 saepe
563 868 662 927 fruare
675 870 759 927 bono.

123 969 155 1025 Is
169 967 278 1043 poterit
289 967 364 1026 felix
376 987 436 1026 una
448 987 596 1026 remanere
609 967 718 1044 puella,

164 1067 222 1131 Qui
235 1086 395 1143 numquam
407 1085 498 1124 vacuo
511 1069 627 1142 pectore
640 1066 715 1125 liber
728 1066 793 1125 erit.
937 1071 973 1125 30

528 1263 570 1300 XI.

126 1363 242 1440 Ecquid
255 1367 285 1420 te
298 1361 401 1420 mediis
415 1364 583 1433 cessantem,
600 1361 737 1437 Cynthia,
753 1362 830 1437 Bais,

167 1463 233 1527 Qua
244 1462 321 1520 iacet
340 1461 496 1520 Herculeis
510 1461 613 1519 semita
625 1461 768 1534 litoribus,

125 1563 167 1620 Et
178 1561 263 1619 modo
277 1561 431 1636 Thesproti
443 1560 597 1618 mirantem
611 1560 728 1620 subdita
740 1581 829 1637 regno

166 1659 303 1718 Proxima
313 1658 435 1717 Misenis
449 1677 575 1735 aequora
588 1658 734 1717 nobilibus

126 1759 229 1818 Nostri
242 1779 311 1819 cura
321 1760 399 1818 subit
412 1777 552 1817 memores
565 1757 601 1816 ab
614 1759 719 1817 ducere
732 1761 856 1818 noctes?
959 1767 975 1817 5

167 1858 276 1935 Ecquis
287 1858 319 1916 in
333 1861 464 1917 extremo
477 1860 570 1917 restat
581 1877 677 1916 amore
690 1858 793 1917 locus?

127 1958 177 2014 An
189 1960 220 2015 te
232 1957 329 2015 nescio
343 1955 409 2033 quis
423 1956 567 2015 simulatis
579 1956 697 2031 ignibus
709 1957 801 2016 hostis

168 2057 296 2115 Sustulit
309 2076 325 2114 e
338 2056 455 2128 uostris,
471 2056 608 2134 cynthia,
625 2056 824 2116 carminibus?

127 2159 228 2234 Atque
241 2156 355 2215 utinam
366 2176 451 2231 mage
463 2160 494 2215 te
506 2147 593 2215 remis
607 2157 714 2215 confisa
726 2157 847 2216 minutis

166 2257 295 2314 Parvula
307 2255 433 2314 Lucrina
446 2256 549 2332 cymba
562 2258 691 2313 moretur
704 2273 787 2331 aqua,
943 2261 978 2315 10

128 2354 192 2412 Aut
204 2357 304 2412 teneat
317 2354 444 2412 clausam
456 2352 541 2412 tenui
554 2352 743 2411 Teuthrantis
754 2352 787 2410 in
799 2354 878 2411 unda

169 2452 309 2510 Alternae
320 2451 416 2510 facilis
430 2453 529 2511 cedere
542 2451 664 2529 lympha
675 2470 772 2524 manu,

131 2551 225 2615 Quam
237 2555 322 2609 vacet
335 2551 455 2610 alterius
467 2551 590 2610 blandos
604 2550 703 2608 audire
718 2570 848 2609 susurros

169 2649 301 2707 Molliter
310 2649 343 2707 in
355 2650 445 2708 tacito
458 2649 545 2708 litore
559 2649 754 2725 compositam,

129 2748 172 2805 Ut
186 2748 260 2805 solet
272 2751 368 2806 amota
379 2748 440 2808 labi
453 2748 571 2807 custode
583 2748 684 2824 puella
944 2752 978 2804 15

170 2845 293 2918 Perfida,
309 2865 473 2905 communes
485 2865 539 2905 nec
552 2845 716 2904 meminisse
729 2845 813 2918 deos;

131 2944 161 3002 N
162 2964 199 3002 on
212 2944 282 3021 quia
293 2949 445 3022 perspecta
457 2964 516 3003 non
530 2965 560 3004 es
573 2945 647 3003 mihi
660 2943 776 3018 cognita
788 2944 875 3014 fama,

172 3043 229 3101 Sed
242 3043 321 3120 quod
333 3043 367 3101 in
379 3044 433 3102 hac
447 3043 540 3103 omnis
552 3047 636 3120 purte
649 3043 772 3102 timetur
784 3061 872 3101 amor.

132 3142 269 3215 Ignoscas
281 3141 382 3216 igitur,
399 3142 424 3200 si
437 3143 509 3220 quid
521 3142 578 3202 tibi
590 3141 676 3200 triste
689 3140 785 3199 libelli

171 3232 338 3299 Attulerint
350 3241 460 3300 nostri:
484 3242 570 3318 culpa
582 3240 696 3300 timoris
709 3240 775 3299 erit.
942 3246 980 3299 20

132 3341 182 3397 An
194 3340 268 3400 mihi
281 3360 356 3400 nunc
368 3342 460 3401 maior
472 3362 554 3402 carae
568 3339 699 3401 custodia
711 3339 822 3412 matris,
