2168 3720
131 187 168 239 42
312 181 529 240 PROPERTII
550 181 610 240 ΕΒ.
626 182 670 252 II,
690 185 734 238 13.
754 185 799 239 14.

170 339 333 398 Venantem
347 340 442 398 Idalio
456 339 566 399 vertice
579 338 671 398 durus
687 359 766 414 aper.

132 438 199 496 Illis
211 439 370 496 formosum
385 438 489 497 lavisse
502 438 668 514 paludibus,
683 439 756 496 illuc
952 444 990 496 55

172 536 285 594 Diceris
299 536 392 595 effusa
404 540 439 595 tu
453 538 554 596 Venus
567 537 624 596 isse
638 556 727 595 coma.

134 634 192 693 Sed
203 634 315 692 frustra
328 639 425 693 mutos
438 635 596 707 revocabis,
614 635 752 712 Cynthia,
768 654 869 694 manes
882 657 889 693 ε

172 732 249 791 Nam
261 753 326 791 mea
339 733 391 810 qui
403 737 545 809 poterunt
559 754 622 792 ossa
637 734 752 793 minuta
765 734 870 812 loqui?

534 930 595 968 XIV.

136 1029 204 1087 Non
216 1029 260 1088 ita
273 1028 421 1087 Dardanio
435 1029 551 1104 gavisus
564 1029 672 1088 Atn'da
685 1029 835 1107 triumpho
850 1035 903 1103 est,

177 1127 250 1187 Cum
264 1128 400 1186 caderent
412 1148 534 1203 magnae
549 1129 754 1188 Laomedontis
768 1149 844 1205 opes,

137 1228 199 1286 Neo
213 1228 253 1286 sic
268 1247 363 1286 errore
378 1231 481 1286 exacto
495 1227 623 1286 laetatus
636 1227 750 1296 Ulixes,

178 1326 252 1384 Cum
264 1325 366 1400 tetigit
379 1346 461 1385 carae
474 1326 562 1384 litora
575 1327 739 1397 Dulichiae,

138 1425 169 1482 N
169 1443 202 1483 ec
215 1425 256 1482 sic
269 1415 394 1496 Electra,
412 1425 525 1484 salvum
539 1445 605 1484 oum
619 1426 734 1501 aspexit
748 1425 880 1497 Oresten,
977 1432 994 1482 5

179 1523 271 1582 (iuius
283 1523 358 1581 falsa
370 1527 475 1582 tenens
487 1524 611 1582 fleverat
625 1544 689 1582 ossa
702 1543 789 1595 soror,

140 1624 169 1681 N
171 1643 202 1682 ec
216 1623 257 1681 sic
270 1623 446 1681 incolumem
456 1623 565 1682 Minois
578 1624 691 1682 Thesea
703 1623 786 1697 vidit,

180 1722 353 1780 Daedalium
366 1722 427 1779 lino
441 1741 508 1781 cum
521 1723 594 1781 duce
607 1723 688 1782 rexit
700 1722 766 1794 iter,

143 1822 261 1886 Quanta
274 1840 327 1895 ego
340 1821 500 1896 praetexite
514 1822 618 1896 collegi
632 1821 739 1896 gaudia
751 1824 855 1880 nocte:

182 1919 352 1978 Immortalis
366 1939 423 1991 ero,
440 1920 465 1977 si
479 1921 572 1978 altera
584 1921 655 1979 talis
668 1921 734 1980 erit.
922 1965 924 1968 <
962 1925 998 1979 10

142 2020 185 2077 At
198 2019 268 2076 dum
282 2017 413 2076 demissis
427 2018 554 2094 supplex
567 2018 728 2077 cervicibus
741 2019 828 2091 ibam,

183 2110 308 2169 Dicebar
321 2109 395 2168 sicco
409 2109 497 2167 vilior
510 2128 572 2168 esse
585 2110 662 2168 lacu.

144 2211 173 2268 N
175 2230 206 2269 cc
219 2209 293 2268 mihi
305 2209 364 2267 iam
377 2208 471 2267 fastus
485 2228 629 2284 opponere
643 2209 759 2284 quaerit
772 2209 897 2287 iniquos,

185 2310 247 2368 Nec
260 2309 334 2367 mihi
346 2309 474 2386 ploranti
487 2309 569 2367 lenta
583 2309 681 2367 sedere
694 2310 800 2384 potest.

145 2410 245 2485 Atque
258 2408 373 2466 utinam
385 2411 518 2467 nontam
532 2427 594 2466 sero
608 2406 682 2464 mihi
695 2411 765 2466 nota
778 2406 885 2466 fuisset
943 2477 945 2479 μ
965 2413 1000 2465 15

185 2505 338 2564 Condita'o!
360 2506 451 2564 cineri
464 2526 543 2564 nunc
556 2505 700 2564 medicina
713 2505 808 2563 datur.

146 2605 226 2662 Ante
239 2604 327 2679 pedes
341 2603 431 2662 caecis
445 2604 562 2664 lucebat
575 2603 679 2663 semita
692 2604 794 2662 nobis:

188 2701 306 2760 Scilicet
318 2702 420 2760 insano
433 2722 517 2761 nemo
530 2703 564 2761 in
577 2724 673 2762 amore
685 2703 776 2763 videt.

147 2801 214 2859 Hoc
227 2800 305 2859 sensi
317 2802 451 2876 prodesse
464 2803 573 2876 magis:
597 2803 783 2874 contemnite,
800 2805 949 2861 amantes:

189 2900 237 2959 Sic
249 2899 335 2958 hodie
348 2900 456 2972 veniet,
472 2901 498 2959 si
511 2921 570 2978 qua
583 2900 704 2976 negavit
717 2900 792 2959 heri.
965 2905 1002 2957 20

148 2998 311 3058 Pulsabant
323 2998 374 3056 alii
387 2998 498 3057 frustra
510 2998 713 3076 dominamque
726 3001 888 3058 vocabant:

189 3099 306 3156 Mecum
319 3099 424 3158 habuit
435 3098 563 3175 positum
576 3100 658 3157 lenta
670 3100 770 3175 puella
783 3103 879 3175 caput.

150 3198 232 3255 Haec
246 3197 318 3254 mihi
331 3197 453 3255 devictis
466 3196 561 3272 potior
574 3196 697 3255 victoria
710 3197 836 3270 Parthis,

190 3296 272 3354 Haec
287 3295 386 3372 spolia,
401 3297 473 3356 hacc
486 3315 576 3371 reges,
593 3297 664 3356 haec
677 3297 751 3356 mihi
765 3281 866 3356 currus
879 3300 976 3356 erunt.
