2168 3720
421 218 545 277 LIBER
564 218 619 278 IV.
899 217 943 275 lxi

134 382 180 435 11.
204 383 252 436 31.
267 382 402 436 maternos
415 383 545 454 annuunt
552 375 630 436 libri.
651 375 771 434 materni
777 379 943 451 exaequatur

92 478 138 535 ed.
181 477 263 535 turbu
276 475 486 553 appositionem
498 475 614 534 numeri
626 474 749 551 pluralis
762 478 849 533 amat.

135 580 181 634 11.
204 581 252 634 34.
273 580 396 650 uentus
408 575 450 648 H,
465 573 543 646 libri,
559 577 647 633 recte.
689 573 733 632 Of.
745 573 842 632 Plaut.
853 573 940 631 Most.

95 681 121 733 1.
152 681 179 733 3.
208 680 255 732 69.
284 673 442 750 capiundos
472 671 586 730 crines:
616 671 667 730 ubi
696 672 817 731 Festum
842 672 944 730 laudat

91 774 238 833 Weisius:
262 773 338 831 senis
356 771 485 830 crinibus
496 773 641 830 nubentes
660 774 809 842 emantur,
825 771 902 847 quod
918 771 943 826 is

92 877 214 931 ornatus
233 869 448 931 vetustissimus
461 869 530 928 luit.

134 975 180 1030 ll.
204 976 250 1042 39,
273 975 320 1029 40.
343 969 468 1044 Egregie
491 968 527 1026 de
548 970 603 1026 hoc
630 968 693 1026 loco
714 967 878 1044 disputavit
901 967 942 1027 H.

90 1072 129 1128 A.
152 1070 178 1129 I.
198 1069 306 1127 Munro
328 1068 360 1126 in
382 1067 505 1127 Journal
520 1069 555 1144 os
572 1066 728 1143 Pniuuqy,
750 1067 808 1125 vol.
831 1066 871 1124 vi.
892 1085 941 1140 pp.

93 1173 201 1226 53-62.

131 1267 190 1325 Ille
203 1269 289 1343 putat
306 1266 379 1324 duos
391 1285 493 1325 versus
506 1264 538 1322 in
552 1265 710 1341 archetypo
724 1261 865 1322 excidisse
878 1268 943 1339 post

92 1371 140 1438 36,
157 1367 232 1424 hane
245 1364 293 1424 vel
306 1365 431 1424 similem
443 1363 565 1422 formam
578 1363 737 1422 habentes:

170 1517 213 1574 Et
225 1517 276 1592 qui
288 1487 470 1574 contuderunt
483 1517 586 1574 animoa
593 1514 732 1590 puynucn'a
744 1513 851 1572 Hiberi

209 1615 448 1692 Hannibalemque
461 1615 547 1673 annia
559 1614 780 1690 Antiochumque
792 1613 861 1671 auis.

91 1776 167 1834 Tum
190 1775 223 1833 in
242 1780 280 1833 40
301 1775 471 1847 Herculem,
499 1778 654 1851 paternum
680 1793 820 1850 proavum
846 1773 943 1831 Mace·

89 1874 193 1932 deniae
222 1893 332 1948 regum,
364 1878 400 1933 ut
426 1872 545 1948 gloriari
571 1875 712 1945 solebant,
742 1872 883 1946 agnoscit,
913 1878 943 1930 et

90 1992 208 2031 versum
223 1973 266 2031 ita
278 1972 429 2031 rescribit:

170 2112 286 2189 Quique
299 2115 367 2171 tuus
379 2131 505 2189 proavus
517 2111 617 2186 fregit,
632 2113 749 2183 Auerna,
765 2110 872 2168 domes,

90 2253 186 2310 Paene
200 2251 326 2310 adducor
338 2255 373 2311 ut
386 2251 539 2310 admittam
552 2252 673 2309 Auerno.
708 2249 765 2309 Sed
778 2249 825 2307 vir
837 2248 941 2307 doctis-

90 2351 180 2408 simus
189 2369 249 2409 non
261 2351 382 2425 negabit
391 2370 507 2409 versum
521 2354 598 2408 stare
607 2368 690 2426 posse
704 2368 761 2425 quo
776 2347 859 2406 modo
872 2348 941 2406 libri

90 2448 226 2506 nonnulli
239 2448 388 2508 exhibent.
424 2448 577 2508 Sententia
589 2448 713 2507 ducrum
726 2467 863 2506 versuum
877 2452 939 2506 est:

25 2531 33 2547 ⁰
90 2548 193 2606 Testor
204 2547 321 2620 Persen,
344 2552 374 2607 et
387 2567 455 2607 eum
474 2547 527 2625 qui
541 2548 649 2606 Persen
668 2546 750 2605 vicit.
791 2545 857 2604 Duc
870 2547 940 2604 Pro·

89 2646 179 2722 pertii
191 2646 307 2723 propria
319 2646 352 2705 in
369 2652 408 2705 40
421 2646 698 2723 insunt-primum,
716 2645 794 2723 quod
806 2645 843 2703 ad
856 2665 940 2703 voea-

88 2745 184 2803 tivum
202 2748 289 2821 poeta
301 2745 398 2804 subito
417 2745 540 2804 transit:
563 2746 697 2815 alterum,
719 2742 797 2820 quod
814 2743 941 2801 ablativo

90 2863 142 2902 suo
159 2863 238 2903 more
256 2844 361 2916 utitur,
376 2848 412 2902 ut
428 2845 528 2920 Arnen
541 2843 661 2902 columba
682 2848 710 2902 3.
725 2846 774 2900 22.
798 2846 843 2913 13,
858 2843 941 2900 reunia

88 2945 203 3003 Lntlnia
223 2950 251 3005 4.
268 2949 295 3002 6.
310 2948 348 3002 45
370 2947 400 3003 et
418 2943 533 3021 passim.
568 2943 628 3002 Hic
648 2946 750 3003 verte:
775 2943 807 3000 in
827 2943 899 3018 ualle
912 2941 946 3016 of

90 3044 139 3118 tly
152 3045 258 3103 duent
263 3044 342 3119 suone
354 3044 489 3104 Antullae.

132 3148 177 3202 11.
200 3148 247 3201 53.
269 3145 347 3201 cuiue
359 3162 436 3201 nueou
448 3142 529 3201 codd.
544 3139 673 3200 melioris
686 3142 782 3198 notae.
811 3138 857 3196 cul
870 3156 939 3195 con-

89 3244 184 3300 rnn'eaoa
197 3241 278 3301 codd.
293 3241 475 3300 recentiores.

133 3344 178 3401 ll.
201 3344 247 3398 66.
269 3339 449 3417 Interpunxi
478 3341 545 3416 post
569 3338 648 3415 fucta
680 3356 747 3395 cum
773 3336 837 3396 edd.
865 3339 938 3394 vett.
