2168 3720
443 205 575 265 ,LIBER
595 206 640 265 II.
892 209 972 269 xxiii

153 369 206 422 25.
231 368 276 421 42.
291 364 374 438 suero
387 364 426 436 N,
439 365 560 439 seucum,
576 363 611 422 L.
625 365 797 425 Muellerus.

155 468 206 521 25.
229 468 277 522 43.
299 463 417 540 quodum
431 463 470 522 N.
573 469 620 523 26.
643 468 670 521 8.
692 465 788 543 Atque
801 465 839 522 N.
884 466 971 543 Teque

112 563 224 621 Hertz.
239 563 376 638 perbene.
682 568 731 621 26.
756 569 801 622 18.
829 565 916 632 Quom
930 565 969 624 N.

156 666 205 718 26.
228 665 276 718 2l.
298 660 413 719 Novem
435 660 560 734 elegiam
585 661 634 719 hic
661 661 854 721 inchoandam
882 664 971 723 multi

113 761 290 819 docuerunt.
628 765 675 818 sc.
699 766 746 819 ec.
770 764 801 819 os
822 782 877 820 om.
893 751 929 826 N‘.

154 861 208 915 26.
231 863 277 916 39.
299 859 351 915 duo
360 857 457 916 littora
465 858 533 917 libri
543 863 662 934 propter
672 859 754 917 litore
766 860 799 917 in
813 866 859 932 38,
870 864 971 920 montio

115 959 171 1014 duo
194 956 239 1014 ed.
253 957 353 1014 montis
367 957 437 1015 olim
451 957 561 1016 excidit
573 961 639 1033 post
652 959 786 1015 mouistie.
842 960 887 1017 df.
903 962 968 1020 Vel.

115 1055 216 1114 Flecc.
236 1055 288 1131 qui
307 1059 420 1114 montes
435 1055 642 1132 Symplegades
663 1057 793 1132 appellat
813 1062 840 1116 2.
858 1063 923 1129 381,
941 1066 969 1120 4.

117 1154 187 1213 707.
209 1150 422 1230 1011111νῂ011,
438 1155 517 1230 quod
526 1175 629 1213 verum
643 1174 704 1213 esse
718 1156 818 1214 docuit
832 1157 867 1215 R.
884 1157 968 1215 Ellis.

116 1255 217 1326 Argus
231 1252 307 1310 enim
320 1252 478 1311 fabricator
490 1252 598 1329 puppis
619 1256 690 1324 erat,
707 1253 745 1311 of.
761 1254 859 1329 Apoll.
875 1255 969 1315 Rhod.

113 1353 187 1425 Arg.
205 1356 232 1409 1.
251 1355 296 1409 18.
310 1355 381 1410 ete:
398 1351 466 1410 etei
479 1353 559 1426 Argo
572 1352 632 1410 luit
646 1371 732 1410 curae
745 1352 811 1410 Vel.
825 1354 921 1414 Flecc.
940 1359 965 1413 l.

116 1453 186 1509 477.
227 1452 308 1510 rudis
321 1451 419 1527 Argus
433 1451 537 1509 Hertz.
553 1471 569 1509 e
583 1451 750 1510 coniectura
763 1453 870 1511 Volsci.

158 1555 207 1608 26.
228 1553 276 1610 47.
298 1552 363 1608 dum
377 1550 415 1608 N.
437 1549 477 1608 H.
494 1570 553 1607 eum
566 1550 683 1626 reliqui.
738 1553 813 1610 orvis
826 1553 864 1623 N,
880 1553 972 1629 Argeo

115 1650 159 1720 H,
175 1650 272 1724 vulgo,
288 1649 407 1707 informi
420 1649 569 1708 doctorum
583 1651 793 1710 emendatione.

159 1749 207 1806 27.
230 1754 257 1808 5.
279 1749 420 1824 sequimur
432 1748 470 1818 N,
486 1749 611 1823 sequitur
625 1749 665 1806 H.

158 1847 206 1905 27.
229 1847 256 1905 7.
269 1847 357 1923 fletus
378 1847 416 1919 N,
433 1846 581 1905 tumultum
600 1847 639 1906 N.
663 1867 735 1906 corr.
758 1848 791 1906 L.
807 1848 970 1908 Muellerus

117 1946 238 2022 optime.
271 1947 352 2022 fletis
366 1947 457 2020 rapiti
467 1945 508 2017 H,
524 1946 622 2020 vulgo.

158 2047 206 2102 27.
230 2050 276 2104 15.
298 2044 488 2116 010010011οΝ,
499 2046 657 2103 demnatum
667 2045 698 2102 H
708 2066 773 2104 cum
784 2048 881 2104 codice
891 2048 971 2104 dam-

116 2148 187 2202 neto
202 2143 397 2216 Groningano.
630 2147 677 2200 28.
701 2149 727 2200 8.
751 2146 872 2202 iurarem
891 2146 928 2202 N.

158 2248 206 2302 28.
230 2247 257 2299 9.
279 2242 355 2299 Dedi
369 2241 455 2316 plane
467 2245 504 2300 ¹ut
515 2242 552 2312 N,
569 2242 621 2318 qui
635 2242 752 2316 signum
765 2243 863 2318 ipsum
877 2245 969 2302 inter-

116 2342 276 2416 rogationis
289 2345 356 2417 post
380 2342 468 2398 Vererer
482 2342 579 2399 habet.
622 2341 671 2399 Ita
684 2341 742 2398 iam
757 2342 880 2399 editores
894 2344 970 2400 anti-

116 2442 242 2518 quiores,
251 2441 342 2517 quiin
352 2439 507 2516 permultis
516 2439 682 2498 recentibus
690 2444 849 2515 praestant.
862 2442 970 2499 Sensus

117 2545 183 2600 est:
202 2546 220 2574 “
229 2541 283 2598 ille
297 2541 350 2598 dea
363 2539 497 2598 omnibus
512 2538 646 2596 formosis
665 2539 773 2613 puellis
787 2558 878 2615 aeque
892 2540 969 2596 invi-

116 2641 281 2700 dioseest.''
323 2640 367 2698 Cf.
381 2639 439 2698 Cic.
455 2641 520 2696 Att.
538 2643 632 2695 219:
659 2642 746 2694 “tam
755 2657 899 2713 peraeque
910 2659 969 2695 om-

116 2741 206 2798 nibus
215 2740 364 2797 ordinibus
373 2738 512 2797 offensa.”
536 2739 623 2795 Verum
632 2738 866 2811 cpeupuremque?
880 2736 914 2807 G,
926 2737 967 2793 H.

158 2844 205 2896 28.
231 2844 276 2896 12.
297 2837 420 2895 Pollidio
434 2837 472 2895 N.
659 2840 706 2893 28.
732 2839 777 2891 16.
803 2835 876 2890 venit
890 2835 928 2891 N.

158 2941 206 2995 28.
229 2941 275 2993 33.
298 2935 446 2993 Commota
468 2933 617 2991 ‘coniunx’
639 2931 821 2989 includentis
841 2951 858 2988 a
877 2932 969 2990 Lach-

93 3107 95 3111 ,
116 3053 224 3093 manno
244 3033 340 3110 posite
355 3032 470 3092 sustuli.
522 3033 598 3090 Nam
612 3036 689 3090 certe
704 3032 821 3086 coniunx
841 3032 970 3089 nomina-

117 3133 198 3191 tivus
211 3137 264 3204 est,
280 3152 340 3190 non
353 3132 512 3191 vocativus.

158 3237 205 3290 28.
228 3237 276 3290 43.
299 3233 419 3290 corbeius
426 3231 504 3303 libri,
516 3232 631 3288 erimine
646 3229 690 3286 ed.
712 3227 882 3303 Propertius
893 3229 968 3288 voti-

118 3351 190 3390 vum
212 3331 320 3390 donum
333 3331 378 3389 dis
397 3329 545 3406 promittit
564 3330 618 3386 sub
634 3348 691 3404 quo
712 3327 743 3384 in
763 3326 874 3402 pariete
889 3348 968 3386 sacro

522 3432 576 3488 02
