2168 3720
290 187 741 303 rnornnrunu.111,as.
762 235 810 290 24.
921 238 975 292 ros

124 388 192 448 Non
204 386 272 446 illes
284 387 380 445 fixum
393 405 473 445 caras
487 386 621 446 effecerat
637 407 758 448 aurum:

162 485 287 562 Vulgari
299 486 379 544 buxo
395 485 508 544 sordida
521 505 586 544 cera
598 487 667 546 mit.

124 586 357 662 Quolescumque
370 583 444 642 mihi
458 604 571 661 semper
583 582 714 645 mansere
727 587 836 661 fideles,

162 685 282 761 Semper
295 686 326 742 et
339 682 461 742 effectus
474 703 658 760 promeruere
671 686 770 745 bonos.
939 693 973 744 lo

121 782 258 840 Forsitan
270 782 342 840 haec
355 780 416 839 illis
428 781 541 841 fuerint
553 783 691 842 mandata
702 784 838 844 tabellis:

163 885 182 912 “
195 881 316 953 Irascor,
333 879 470 957 quoniam
484 899 522 952 es,
538 879 627 952 lente,
643 875 771 941 moratus
784 882 857 942 heri.
904 956 906 960 7

120 979 170 1036 An
183 979 241 1038 tibi
253 978 348 1037 nescio
363 997 438 1055 quae
451 976 515 1037 visa
528 982 572 1037 est
585 978 760 1038 formosior?
780 1000 818 1038 an
830 985 865 1040 tu

159 1079 228 1138 Non
239 1080 307 1137 bono
320 1078 355 1136 de
369 1077 452 1136 nobis
466 1077 587 1136 crimina
601 1079 671 1136 ficta
683 1079 753 1139 iacis
763 1080 800 1139 ?’'

120 1178 184 1238 Aut
197 1178 290 1237 dixit:
316 1182 335 1211 “
345 1177 454 1236 Venies
467 1177 561 1250 hodie,
579 1177 749 1238 cessabimus
762 1199 839 1238 una:
937 1187 970 1238 15

159 1277 331 1353 Hospitium
343 1279 406 1336 tots
419 1282 504 1335 nocte
517 1277 633 1352 paravit
645 1277 766 1338 Amor.''

119 1375 160 1433 Et
173 1394 374 1452 quaecumque
387 1375 485 1433 colens
497 1375 607 1451 reperit
619 1395 679 1434 non
692 1377 784 1436 stulta
796 1379 903 1453 puella,

159 1474 285 1533 (lamule
298 1493 364 1532 cum
377 1473 493 1532 blandis
506 1473 629 1533 ducitur
636 1476 708 1534 hora
720 1475 803 1534 dolis.

118 1572 168 1630 Me
181 1571 328 1644 miserum,
343 1571 391 1630 his
405 1571 512 1649 aliquis
526 1573 668 1632 rationem
682 1574 783 1634 scribit
796 1595 908 1647 avarus,

157 1671 198 1730 Et
210 1670 294 1747 ponit
307 1670 384 1729 diras
395 1671 474 1730 inter
487 1672 694 1748 ephemeridas.
932 1680 968 1732 20

118 1769 183 1828 Hcs
197 1770 222 1828 si
237 1770 302 1847 quis
315 1771 388 1829 mihi
401 1771 560 1844 rettulerit,
577 1772 732 1831 donabitur
745 1792 824 1831 auro.

158 1868 231 1933 Quis
243 1889 296 1946 pro
310 1869 422 1930 divitiis
436 1869 516 1945 ligna
528 1875 645 1932 retenta
657 1873 753 1932 velit?

117 1965 135 2023 Ι
148 1986 230 2042 puer,
247 1969 277 2026 et
291 1967 367 2027 citus
380 1969 451 2027 haec
466 1969 565 2047 aliqua
578 1990 705 2047 propone
719 1971 861 2044 columna,

76 2052 78 2057 ⁵
156 2067 197 2126 Et
210 2067 359 2127 dominum
372 2069 514 2146 Esquiliis
528 2071 620 2130 scribe
633 2071 765 2131 habitare
777 2074 872 2131 tuum.

503 2267 585 2307 XXIV.

115 2363 203 2422 Falsa
217 2366 261 2423 est
273 2364 331 2424 ista
343 2367 421 2438 tuae,
437 2365 552 2439 mulier,
568 2367 676 2426 fiducia
687 2365 806 2439 formae,

156 2463 234 2522 Olim
247 2463 339 2522 oculis
352 2464 476 2524 nimium
489 2466 568 2525 facta
582 2468 705 2543 superba
718 2467 799 2525 meis.

115 2563 223 2623 Noster
236 2583 315 2622 amor
327 2563 402 2623 tales
415 2564 523 2625 tribuit
534 2567 599 2639 tibi,
616 2566 752 2643 Cynthio,
768 2566 887 2625 laudes:

154 2661 295 2721 Versibus
307 2661 452 2738 insignem
465 2667 496 2723 te
509 2665 602 2741 pudet
615 2685 675 2724 esse
688 2665 770 2724 meis.

115 2759 242 2820 Mixtam
254 2763 286 2820 tc
299 2761 381 2820 voris
393 2761 513 2821 laudavi
526 2783 611 2840 saepe
624 2765 727 2838 figura,
949 2770 965 2819 5

153 2859 204 2932 Ut,
222 2860 299 2936 quod
311 2879 371 2919 non
385 2880 469 2934 esses,
485 2881 547 2920 esse
560 2865 680 2938 putaret
692 2881 772 2921 amor
783 2883 789 2920 :

115 2958 155 3017 Et
169 2959 247 3017 color
260 2962 305 3018 est
318 2959 427 3019 totiens
440 2980 521 3020 roseo
535 2962 659 3022 collatus
672 2962 741 3032 Eoo,

154 3056 228 3115 Oum
240 3057 298 3117 tibi
311 3058 461 3135 quaesitus
475 3061 581 3119 candor
593 3061 626 3120 in
639 3080 687 3119 ore
701 3060 785 3118 foret.

114 3156 200 3221 Quod
211 3152 358 3216 mihi'non
370 3158 460 3234 patrii
472 3162 608 3235 poterant
620 3161 750 3218 avertere
764 3156 858 3227 amici,

151 3256 268 3315 Eluere
281 3259 334 3315 aut
347 3259 430 3316 vasto
443 3255 582 3317 Thessala
596 3278 664 3334 saga
676 3256 768 3316 mari:
930 3261 964 3314 10

112 3354 195 3414 Haec
209 3373 272 3430 ego,
287 3374 347 3415 non
359 3354 437 3414 ferro
449 3375 509 3417 non
521 3356 589 3433 igne
604 3359 727 3430 coactus,
744 3358 774 3415 et
786 3353 850 3432 ipss

1044 3452 1053 3507 t
