2168 3720
154 225 209 278 106
316 219 533 280 PROPERTH
552 219 614 277 ΕΙ.
630 219 692 292 ΙΙΙ,
715 223 762 281 24.
785 226 834 280 25.

190 377 358 454 Naufragus
370 383 487 453 Aegaea
498 396 568 436 vera
580 376 695 437 fatebor
707 397 793 456 aqua.

151 475 306 552 Correptus
320 496 404 536 saevo
417 475 540 535 Veneris
552 477 684 535 torrebar
696 477 799 550 aheno,

188 573 312 634 Vinctus
325 594 404 634 eram
414 594 512 633 versas
523 573 556 632 in
568 594 633 634 mea
643 578 728 650 terga
740 596 852 636 manus.

149 673 224 732 Eece
238 677 390 733 coronatae
401 677 520 750 portum
535 673 659 748 tetigere
673 674 796 748 carinae,
969 683 1003 736 15

189 772 338 832 Traiectae
354 773 464 851 Syrtes,
480 791 585 832 ancora
596 773 674 831 iacta
686 773 760 833 mihi
773 777 827 834 est.

149 871 236 931 Nunc
250 872 367 930 demum
379 875 462 932 vasto
474 871 545 930 fessi
557 871 753 947 resipiscimus
767 876 859 945 aestu,

188 969 376 1048 Vulneraque
389 970 426 1028 ad
439 989 542 1028 sanum
554 989 634 1029 nuuc
647 971 740 1030 coiere
753 991 827 1030 mea.

149 1068 234 1127 Mens
245 1070 330 1141 bona,
346 1068 371 1127 si
384 1087 444 1145 qua
456 1068 510 1127 dea
523 1087 563 1140 es,
578 1071 632 1126 tua
644 1087 690 1127 me
703 1068 736 1127 in
749 1069 875 1129 sacraria
888 1071 972 1130 dono.

189 1167 367 1227 Exciderant
380 1167 467 1226 surdo
479 1169 526 1226 tot
538 1186 603 1226 mea
616 1170 686 1226 vota
698 1167 774 1227 Iovi.
965 1174 1002 1227 20

540 1364 610 1404 xxv.

149 1465 237 1524 Risus
251 1486 330 1524 eram
341 1465 445 1544 positis
456 1464 536 1523 inter
550 1463 683 1523 convivia
695 1463 811 1537 mensis,

188 1564 229 1623 Et
241 1564 277 1623 de
291 1584 337 1623 me
349 1567 465 1642 poterat
478 1562 604 1640 quilibet
617 1581 678 1621 esse
691 1563 810 1639 loquax.

149 1662 287 1740 Quinque
300 1663 355 1722 tibi
368 1663 453 1739 potui
466 1661 574 1721 servire
586 1661 714 1720 fideliter
727 1679 836 1720 annos:

187 1761 294 1835 Ungue
306 1781 400 1820 meam
412 1780 506 1819 morso
520 1779 604 1836 saepe
620 1778 741 1837 querere
753 1759 851 1819 fidem.

148 1858 200 1917 Nil
213 1878 329 1918 moveor
341 1860 486 1919 lacrimis:
507 1859 565 1917 ista
578 1877 648 1917 sum.
656 1861 757 1918 cautus
770 1860 806 1917 ab
820 1866 893 1919 arte.
981 1866 998 1917 5

187 1959 307 2035 Semper
319 1960 355 2017 ab
368 1958 491 2031 insidiis,
508 1957 645 2034 Cynthia,
661 1956 731 2015 flere
744 1956 828 2015 soles.

147 2057 238 2116 Flebo
252 2077 305 2132 ego
318 2058 475 2129 discedens,
492 2056 542 2114 sed
553 2054 657 2114 fletum
670 2054 778 2114 iniuria
790 2055 910 2116 vincet:

186 2157 232 2215 Tu
244 2158 319 2216 bene
333 2156 506 2216 conveniens
518 2173 578 2212 non
591 2153 663 2212 sinis
675 2153 718 2212 ire
731 2153 844 2228 iugum.

146 2255 262 2313 Limina
274 2255 333 2314 iam
346 2253 452 2313 nostris
465 2253 584 2312 valeant
596 2249 779 2310 lacrimantia
792 2252 899 2324 verbis,

185 2355 247 2412 Nec
260 2357 359 2413 tamen
371 2353 448 2411 irata
459 2351 549 2410 ianua
561 2350 655 2408 fracta
667 2369 766 2408 manu.
963 2357 997 2410 10

145 2451 187 2510 At
200 2455 231 2510 te
245 2452 346 2510 celatis
359 2455 439 2510 aetas
453 2449 549 2525 gravis
562 2451 667 2523 urgeat
679 2448 773 2522 annis,

184 2551 224 2608 Et
237 2549 337 2608 veniat
350 2549 459 2607 formae
473 2566 547 2622 ruga
560 2546 677 2605 sinistra
690 2550 768 2606 tuae.

144 2649 259 2708 Vellere
272 2651 338 2706 tum
351 2647 448 2723 cupias
462 2648 541 2705 albos
555 2664 572 2702 a
587 2645 676 2721 stirpe
690 2645 811 2722 capillos

183 2747 220 2819 A,
236 2746 352 2823 speculo
367 2764 455 2820 rugas
468 2742 661 2820 increpitante
674 2742 740 2817 tibi,

143 2847 273 2905 Exclusa
285 2845 376 2922 inque
388 2845 483 2904 vicem
495 2844 589 2902 fastus
602 2842 714 2918 patiare
728 2845 876 2920 superbos,
963 2851 997 2905 15

181 2947 222 3004 Et
236 2965 311 3023 quae
323 2944 422 3003 iecisti
434 2944 513 3003 iacta
526 2941 657 3018 queraris
670 2961 754 3002 anus.

141 3044 205 3102 Hes
219 3043 275 3103 tibi
288 3043 387 3103 fatalis
400 3043 506 3103 cecinit
518 3061 582 3100 mea
595 3042 703 3117 pagina
716 3042 804 3103 diras.

180 3143 328 3202 Eventum
342 3142 451 3202 formae
464 3142 542 3201 disce
555 3140 658 3201 timere
672 3145 751 3202 tuae.
