2168 3720
455 229 578 288 menn
598 231 625 287 1.
935 196 968 288 {e

156 392 202 444 10.
226 391 274 444 23.
296 392 399 462 ruqate
412 387 572 463 Hauptius.

156 490 202 541 10.
225 489 271 542 28.
296 484 385 561 effecto
403 485 441 558 N,
454 486 495 543 H.
537 485 629 562 effectis
646 486 735 545 multi
755 487 836 545 codd.
853 491 883 545 et
901 487 965 544 edd.

111 586 190 640 vett.
206 582 245 642 cf.
260 581 393 656 effectus,
410 589 437 642 3.
454 589 502 641 23.
522 589 567 642 10.

157 686 203 741 11.
226 688 253 741 5.
276 683 408 741 adducere
422 683 542 742 codices.
585 683 664 742 Ocrr.
680 682 818 757 Scaliger.

158 785 204 839 ll.
229 785 274 838 ll.
298 783 431 840 dedendis
444 781 482 839 N.
525 781 603 841 Oorr.
620 782 760 855 Scaliger.

158 884 203 937 11.
230 883 275 938 15.
297 886 388 939 cncede
419 880 457 953 N,
491 885 578 938 dissic
605 884 674 938 cett.
703 880 745 937 H.
779 885 869 939 amota
902 899 967 940 cum

112 978 250 1053 Hauptio
264 978 395 1037 servavi:
411 999 479 1037 nam
489 985 577 1037 eustos
587 983 685 1055 potest
699 977 863 1052 significare
874 979 966 1035 “cha-

113 1077 236 1152 peron’'
251 1077 420 1136 “dumne''
450 1079 507 1137 Sed
517 1098 614 1137 merus
628 1097 707 1136 error
721 1075 831 1135 scribac
844 1076 967 1135 fortasse

115 1179 162 1232 est
175 1180 265 1233 amota
278 1180 314 1233 ut
326 1196 384 1234 mcc
398 1197 449 1252 pro
461 1197 526 1248 mss,
546 1182 572 1235 1.
596 1182 621 1234 l.
644 1180 692 1242 22.

158 1278 203 1334 11.
226 1279 274 1332 21.
296 1294 350 1332 esce
368 1275 405 1346 N,
422 1294 494 1333 corr.
510 1276 550 1332 H.
580 1294 634 1332 coss
650 1278 682 1332 et
697 1293 770 1332 ncnc
783 1273 968 1332 confundunt

113 1373 195 1431 libri.

157 1476 202 1529 11.
225 1477 272 1530 28.
295 1471 399 1531 deduci
428 1471 465 1543 N,
495 1471 598 1529 dedant
621 1471 662 1543 H,
693 1492 759 1529 cum
785 1471 964 1529 Burmanno.

115 1572 265 1630 discidium
277 1570 316 1642 N,
332 1571 479 1628 dissidium
493 1571 533 1629 H.

158 1674 204 1727 12.
226 1674 253 1727 2.
277 1671 384 1728 conscie
404 1670 494 1727 Roma
518 1669 639 1727 codices.
681 1671 784 1727 conscio
808 1689 897 1728 emere
924 1669 964 1741 H,

112 1767 248 1843 pessime.
289 1767 383 1825 Nemo
397 1767 473 1826 vidit
487 1769 594 1826 conscie
606 1749 696 1826 Rome
712 1768 879 1826 vocativum
893 1788 964 1826 esse.

114 1866 270 1926 Sententia
286 1869 350 1924 est:
375 1871 394 1898 “
406 1865 493 1937 Quid,
507 1866 644 1937 ORoma,
657 1887 732 1943 quse
747 1867 860 1926 conscia
872 1869 966 1926 nostn'

113 1965 221 2024 amoris
238 1965 332 2037 inisti,
351 1985 410 2023 non
430 1984 524 2023 cessas
543 1965 672 2023 desidiae
690 1965 800 2023 crimen
817 1965 890 2023 mihi
909 1967 965 2023 fin-

113 2084 193 2138 gere,
208 2065 283 2123 fslso
297 2085 422 2140 arguens
436 2084 500 2123 eam
514 2064 681 2142 (desidiam)
697 2083 812 2122 causam
832 2082 893 2121 esse
914 2083 966 2121 cur

112 2181 219 2237 parum
237 2163 313 2222 felix
333 2164 365 2220 in
385 2183 481 2221 amore
495 2161 596 2220 sim?''
625 2162 711 2220 Tales
729 2162 918 2238 apostrophss
933 2162 966 2226 in

114 2259 229 2318 deliciis
241 2261 347 2320 habuit
360 2261 539 2337 Propertius.

156 2364 201 2417 12.
226 2364 272 2420 19.
295 2361 434 2419 dissidere
447 2360 486 2432 N,
502 2360 635 2418 discedere
649 2359 682 2416 H
695 2378 761 2417 cum
776 2357 850 2416 aliis.
866 2358 964 2416 descis-

113 2477 172 2516 cere
185 2458 336 2516 Heinsius.

156 2562 202 2614 13.
226 2562 253 2616 8.
275 2558 354 2615 adire
367 2556 405 2629 N,
421 2556 462 2614 H.
504 2555 580 2615 edire
593 2556 748 2630 vulgatum
762 2559 816 2613 est.

156 2661 201 2713 13.
227 2660 272 2715 13.
294 2676 339 2732 epo
353 2676 409 2716 om.
424 2676 468 2731 pr.
484 2655 522 2713 N.
538 2674 636 2731 cupere
650 2655 689 2712 N.

155 2762 201 2815 13.
226 2762 272 2815 16.
294 2756 403 2815 iniectis
421 2756 458 2814 N.
501 2757 562 2815 iet
583 2757 595 2814 i
612 2756 644 2813 in
671 2756 829 2833 archetypo
848 2753 968 2813 confusa

114 2860 185 2914 sunt
199 2855 377 2932 saepissime.

157 2958 204 3013 13.
228 2954 273 3012 17.
295 2953 385 3012 cerdis
410 2953 447 3026 N,
472 2954 545 3012 cesis
569 2953 614 3011 ed.
657 2952 773 3028 Optatis
794 2952 890 3011 veris:
912 2953 968 3010 hoc

115 3056 169 3125 est,
199 3054 315 3113 sinceris
333 3053 474 3129 presides.
503 3053 541 3111 cf.
564 3057 591 3111 2.
614 3056 662 3111 28.
686 3057 744 3110 43:
776 3053 833 3111 Prc
861 3051 968 3128 quibus

114 3152 224 3230 optatis
251 3172 331 3212 sscro
357 3173 403 3211 me
431 3152 550 3212 crimine
577 3152 691 3211 damno.
733 3171 797 3210 cese
827 3155 858 3209 et
888 3149 970 3208 serbe

116 3271 202 3328 saepe
212 3251 398 3311 confundunt
407 3251 486 3313 libri.
512 3251 628 3310 obtectis
643 3250 856 3322 sebrssflersz,
872 3248 969 3325 prodi-

118 3351 198 3425 gicss
208 3350 383 3410 coniectura.
404 3351 479 3410 Leni
486 3349 631 3409 medicine
644 3345 975 3411 auxffiumloscntsll.
