2168 3720
163 207 200 260 94
367 203 586 262 PROPERTII
605 203 808 279 EL.111,14.

202 361 286 419 Inter
298 361 446 420 luctantes
459 362 539 419 nuda
551 361 650 435 puella
663 361 749 433 viros,

163 459 236 518 Cum
249 459 310 536 pila
323 460 431 519 velocis
443 460 524 518 fallit
536 478 589 534 per
605 459 720 518 brachia
733 460 837 533 iaetus,
1002 469 1018 520 5

201 560 339 634 Inerepat
352 562 383 617 et
395 559 473 617 versi
487 558 577 617 clavis
591 559 704 617 adunca
716 560 821 631 trochi,

162 657 430 733 Pulverulentaque
444 658 481 716 ad
494 660 640 715 extremas
654 660 713 716 stat
725 658 835 718 femina
848 664 949 733 metas,

201 756 242 814 Et
254 755 367 831 patitur
380 757 452 815 duro
465 756 589 814 vulnera
600 756 760 831 pancratio,

163 855 250 913 Nune
263 854 338 929 ligat
351 855 388 913 ari
402 858 530 913 caestum
544 855 703 929 gaudentia
714 857 833 915 brachia
845 858 925 931 loris,

202 953 314 1012 Missile
327 972 406 1011 nune
419 952 493 1010 disci
505 953 619 1028 pondus
632 952 664 1010 in
677 955 746 1012 orbe
759 957 846 1028 rotat,
983 964 1017 1016 10

163 1051 276 1128 Gyrum
288 1052 387 1126 pulsat
400 1050 492 1127 equis,
507 1050 627 1110 niveum
641 1051 720 1110 latus
734 1072 801 1112 ense
815 1053 951 1126 revincit,

203 1150 434 1226 Virgineumque
448 1169 517 1207 cavo
529 1150 659 1224 protegit
672 1169 737 1235 aere
751 1156 848 1227 eaput,

166 1250 267 1315 Qualis
281 1249 494 1308 Amazonidum
506 1249 625 1307 nudatis
636 1250 742 1308 bellica
753 1252 886 1311 mammis

204 1348 469 1408 Thermodontiacis
481 1350 569 1408 turba
581 1348 699 1407 lavatur
711 1351 804 1426 aquis,

165 1451 205 1509 Et
217 1450 301 1508 modo
315 1448 447 1526 Taygeti,
464 1447 558 1506 crines
571 1467 687 1524 aspersa
698 1450 813 1524 pruina,
982 1460 1017 1512 15

205 1549 340 1607 Sectatur
352 1547 461 1623 patrios
474 1566 526 1622 per
539 1547 609 1622 iuga
621 1547 709 1622 longa
722 1567 825 1622 oanes;

96 1705 98 1709 ,
166 1647 268 1712 Qualis
282 1650 312 1705 et
325 1648 452 1705 Eurotae
465 1646 573 1704 Pollux
588 1649 619 1704 et
632 1646 732 1705 Castor
745 1648 871 1724 harenis,

205 1745 264 1804 Hie
277 1746 371 1804 vietor
383 1745 499 1821 pugnis,
514 1744 566 1803 ille
578 1744 698 1804 iuturus
712 1745 803 1823 equis,

166 1845 250 1903 Inter
264 1863 336 1920 quos
349 1843 464 1902 Helena
476 1843 563 1901 nudis
577 1862 678 1919 capere
691 1863 769 1902 arma
781 1845 900 1922 papillis

205 1943 312 2001 Fertur
323 1961 378 2000 neo
390 1941 495 2000 iratres
509 1941 657 1999 erubuisse
671 1942 747 2000 deos.
981 1951 1018 2002 20

166 2042 230 2100 Lex
243 2041 335 2115 igitur
349 2040 491 2117 Spartana
504 2043 586 2098 vetat
599 2041 731 2099 secedere
745 2045 884 2116 amantes,

206 2142 246 2199 Et
258 2141 328 2198 lieet
341 2140 373 2197 in
385 2138 482 2198 triviis
496 2139 533 2197 ad
546 2139 625 2198 latus
639 2159 700 2198 esse
714 2160 791 2213 suae,

166 2240 196 2298 N
197 2259 228 2299 eo
242 2239 330 2298 timor
343 2241 395 2297 aut
408 2237 470 2296 ulia
484 2241 528 2296 ast
542 2239 657 2296 clausae
669 2239 765 2297 tutela
777 2240 902 2314 puellae,

205 2339 235 2398 N
236 2359 267 2397 ee
281 2337 377 2412 gravis
389 2335 498 2395 austeri
510 2355 603 2412 poena
617 2338 744 2395 cavenda
756 2337 822 2397 viri.

166 2439 257 2498 Nullo
270 2438 424 2514 praemisso
437 2438 473 2496 de
486 2438 573 2495 rebus
585 2439 651 2495 tute
664 2437 792 2514 loquaris
981 2446 1019 2497 25

205 2537 274 2611 Ipse
286 2535 364 2594 tuis:
386 2536 490 2610 longae
502 2535 586 2594 nulla
597 2535 714 2612 repulsa
727 2556 832 2595 morae.

166 2635 195 2693 N
197 2655 228 2693 ee
242 2634 347 2712 Tyriae
360 2640 456 2694 vestes
470 2634 596 2693 errantia
608 2634 721 2693 lumina
732 2635 853 2706 fallunt,

205 2734 259 2792 Est
272 2752 367 2810 neque
380 2733 511 2792 odoratae
525 2753 594 2792 eura
606 2734 728 2792 molesta
740 2753 842 2792 romae.

165 2833 209 2891 At
221 2835 320 2890 nostra
332 2831 446 2906 ingenti
459 2831 541 2890 vadit
554 2831 730 2890 circumdata
742 2834 838 2903 turba,

206 2930 268 2989 Neo
281 2930 407 3004 digitum
421 2933 545 3005 angusta
558 2934 603 2989 est
616 2931 770 2990 inseruisse
783 2931 840 2989 via.
982 2938 1020 2990 30

167 3029 196 3087 N
197 3049 229 3087 eo
243 3049 318 3105 quae
333 3028 371 3087 sit
383 3028 472 3086 iacies
485 3047 538 3086 nee
552 3048 627 3104 quae
641 3029 700 3088 sint
713 3049 790 3102 vera,
805 3030 930 3104 rogando

207 3129 345 3187 Invenias
357 3150 363 3187 ι
387 3147 503 3186 caecum
515 3131 614 3186 versat
628 3131 738 3186 amator
750 3129 816 3187 iter.

169 3229 253 3294 Quod
267 3229 291 3286 si
304 3229 369 3287 iura
381 3228 456 3286 foros
468 3246 639 3304 pugnasque
652 3227 767 3286 imitata
779 3228 935 3302 Laeonum,

208 3329 307 3388 Carior
320 3329 374 3387 hoo
388 3348 463 3388 esses
475 3331 510 3388 tu
524 3327 605 3402 mihi,
621 3327 722 3402 Roma,
737 3329 822 3387 bono.
