2168 3720
317 216 692 291 Pacuuianum,
716 222 744 277 1.
906 223 960 278 115

105 375 230 449 Dignior
245 375 363 452 obliquo
377 375 479 433 funem
493 374 545 451 qui
558 378 697 452 torqueat
710 375 790 434 Oeno

144 475 350 551 Aeternusque
362 477 445 532 tuam
457 477 566 550 pascat,
583 474 681 547 aselle,
696 473 815 533 famem.

104 574 160 633 Dic
173 575 256 648 mihi,
272 595 343 633 eum
356 578 473 633 teneros
486 575 548 633 urit
561 574 652 633 lorica
665 574 812 634 lacertos?

145 674 175 733 N
175 694 227 732 um
240 674 338 749 gravis
350 673 484 732 imbelles
498 673 601 732 atterit
614 674 700 731 hasta
712 674 842 733 manus?

106 773 189 831 Haec
202 776 327 832 noceant
339 772 446 848 potius,
464 792 553 848 quam
566 772 704 831 (lentibus
717 772 781 831 ulla
794 773 895 850 puella
922 781 959 833 25

146 872 206 930 Det
218 871 292 929 mihi
304 872 459 948 plorandas
472 890 525 947 per
538 874 591 929 tua
605 872 680 929 colla
692 875 786 932 notas.

106 969 220 1028 Diceris
234 975 264 1029 et
276 970 367 1028 macie
381 971 499 1029 vultum
512 972 666 1028 tenuasse:
688 970 739 1029 sed
752 974 829 1047 opto,

146 1070 172 1126 E
186 1069 326 1128 desiderio
341 1069 379 1127 sit
393 1070 471 1127 eolor
484 1069 540 1127 iste
553 1088 627 1126 meo.

106 1169 149 1226 At
162 1168 235 1225 mihi
249 1188 315 1227 cum
328 1172 428 1227 noctes
441 1168 562 1227 induxit
576 1169 689 1244 Vesper
701 1188 821 1241 amaras,

147 1266 179 1324 Si
193 1284 252 1343 qua
263 1267 367 1324 relicta
379 1267 484 1339 iacent,
500 1267 614 1325 osculor
627 1287 707 1325 arma
719 1271 780 1327 tua.
922 1273 959 1326 30

106 1364 181 1423 Tum
196 1384 302 1441 queror
314 1364 347 1423 in
360 1368 422 1424 toto
436 1384 497 1423 non
511 1365 604 1424 sidere
617 1365 708 1442 pallia
720 1366 806 1439 lecto,

145 1463 234 1522 Lucis
247 1467 277 1522 et
292 1467 424 1522 auctores
439 1483 498 1521 non
513 1465 582 1522 (1111
597 1483 714 1522 carmen
728 1484 806 1526 aves.

106 1561 249 1621 Noctibus
261 1562 394 1621 hibernis
408 1563 565 1621 castrensia
577 1582 668 1639 pensa
680 1563 779 1623 laboro

145 1662 186 1720 Et
199 1661 288 1739 Tyria
300 1662 334 1721 in
346 1662 443 1721 radios
456 1662 567 1721 vellera
581 1666 659 1721 secta
673 1682 749 1720 suos.

106 1761 146 1819 Et
159 1761 246 1833 diseo,
263 1779 322 1837 qua
334 1764 418 1837 parte
432 1760 507 1819 fluat
520 1761 680 1820 vincendus
692 1762 816 1836 Araxes,
922 1767 957 1819 35

146 1858 225 1924 Quot
238 1859 300 1918 sine
314 1879 391 1936 aqua
403 1860 532 1918 Parthus
545 1859 627 1919 milia
642 1864 741 1920 currat
754 1881 835 1937 equs.

106 1957 199 2032 Cogor
213 1962 243 2017 et
256 1978 272 2017 1
284 1960 387 2018 tabula
399 1959 493 2036 pictos
508 1959 634 2018 ediscere
647 1960 780 2030 mundos,

145 2057 248 2122 Qualis
262 2064 292 2116 et
304 2059 376 2117 haec
390 2058 470 2116 docti
484 2058 523 2117 sit
536 2057 668 2134 positura
681 2057 737 2128 dei,

106 2155 188 2220 Quae
200 2157 291 2215 tellus
304 2157 343 2216 sit
356 2158 439 2216 lenta
452 2157 530 2232 gelu,
546 2175 621 2233 quae
634 2156 731 2232 putris
745 2158 782 2214 ab
795 2160 886 2228 aestu,

144 2255 261 2314 Ventus
274 2256 307 2315 in
319 2257 440 2316 Italiam
454 2257 506 2335 qui
520 2259 594 2315 bene
608 2255 674 2314 vela
686 2255 772 2313 ferat.
920 2261 958 2314 40

106 2352 225 2413 Assidet
238 2374 299 2413 una
312 2374 399 2429 soror,
416 2356 493 2416 curis
508 2358 539 2414 et
551 2353 662 2430 pallida
674 2354 779 2412 nutrix
943 2417 950 2431 ι

145 2453 261 2512 Peierat
273 2454 389 2513 hiberni
402 2454 547 2533 temporis
561 2473 622 2512 esse
636 2472 739 2511 moras.
939 2459 949 2494 ‘

106 2553 194 2611 Felix
207 2553 388 2631 Hippolyte!
409 2556 489 2614 nuda
502 2554 574 2613 tulit
588 2572 668 2611 arma
680 2553 799 2629 papilla,

146 2653 186 2709 Et
199 2652 278 2710 texit
291 2652 374 2726 galea
386 2653 509 2711 barbara
522 2652 610 2709 molle
624 2654 721 2727 caput.

105 2751 245 2810 Romanis
259 2753 372 2810 utinam
381 2752 545 2828 patuissent
559 2756 652 2809 castra
665 2750 791 2826 puellis!
921 2757 958 2808 45
1051 2826 1054 2831 Ι

145 2850 246 2909 Essem
259 2851 384 2909 militiae
398 2851 510 2908 sarcina
523 2849 582 2908 fida
593 2853 672 2922 tuae,

105 2947 167 3007 Nec
181 2969 227 3007 me
241 2949 392 3008 tardarant
407 2949 546 3026 Scythiae
559 2950 638 3024 iuga,
655 2968 722 3007 cunr
736 2948 824 3006 Pater
837 2947 911 3006 altas

146 3048 267 3106 Africus
281 3049 313 3106 in
327 3049 450 3122 glaciem
463 3049 572 3122 frigore
585 3049 679 3107 nectit
693 3067 793 3124 aquas.

108 3145 209 3204 Omnis
223 3165 302 3205 amor
315 3166 448 3221 magnus,
465 3147 515 3204 sed
529 3149 628 3223 aperto
642 3147 675 3204 in
688 3145 810 3220 coniuge
824 3143 931 3204 maior:

148 3245 235 3306 Hanc
248 3245 358 3318 Venus,
375 3251 411 3305 ut
424 3245 515 3318 vivat,
531 3244 657 3303 ventilat
669 3244 732 3320 ipsa
745 3243 847 3302 facem.
923 3249 960 3304 50

109 3344 186 3404 Nam
199 3344 272 3404 mihi
287 3366 344 3424 quo
359 3344 464 3405 Poenis
476 3363 546 3403 acca
558 3362 688 3420 purpura
701 3343 816 3418 fulgeat
828 3344 913 3404 ostris
932 3378 935 3385 ·

509 3461 522 3500 1
537 3446 554 3500 2

1001 3356 1056 3518 Ι
