2168 3720
144 218 180 270 ce
307 211 525 271 rucrnurrr
546 210 608 270 nu.
631 212 762 286 111,15.
787 216 835 271 16.

183 369 324 429 credebat
337 369 469 428 dominae
482 389 558 445 pone
572 369 673 429 venire
686 371 785 446 pedes,
969 377 1006 429 30

144 469 184 527 Et
196 468 302 525 durum
315 468 442 526 Zethum
456 472 486 527 et
499 467 627 526 lacrimis
641 468 811 544 Amphiona
823 469 945 528 mollem

184 567 317 642 Experto
331 570 375 624 est
388 566 512 625 stabulis
525 569 619 625 mater
633 569 737 626 abacta
750 567 820 626 suis.
852 630 857 638 ‚

145 669 188 724 Ac
202 666 305 737 veluti,
320 687 439 741 magnos
453 686 519 725 oum
532 669 648 742 ponunt
662 686 790 743 aequora
802 669 910 739 motus,

184 766 282 824 Eurus
295 767 350 825 ubi
362 766 480 823 adverso
494 765 601 824 desinit
614 765 658 824 ire
672 766 760 839 Noto,

146 864 245 923 Litore
259 864 300 923 sic
313 864 402 924 tacito
417 864 529 922 sonitus
541 864 663 923 rarescit
675 866 811 939 harenae,
969 874 1006 924 35

187 964 235 1022 Sic
249 964 327 1023 cadit
339 963 446 1022 inflexo
460 963 541 1038 lapsa
553 964 654 1039 puella
667 983 754 1038 genn.

148 1064 218 1123 Sera
230 1066 328 1121 tamen
341 1061 454 1138 pietas:
476 1061 554 1120 natis
568 1065 613 1120 est
626 1061 762 1136 cognitus
776 1082 865 1122 error.

187 1162 284 1236 Digne
297 1161 378 1221 Iovis
390 1164 474 1219 natos
488 1160 541 1236 qui
553 1165 655 1219 tueare
668 1180 768 1232 senex,

149 1264 194 1321 Tu
207 1261 304 1321 reddis
316 1260 416 1337 pueris
428 1262 559 1331 matrem,
574 1259 718 1337 puerique
732 1261 908 1320 trahendam

187 1361 356 1418 Vinxerunt
368 1359 476 1417 Dircen
490 1359 543 1416 sub
556 1356 649 1416 trucis
662 1377 712 1416 ora
725 1357 818 1417 bovis.
968 1366 1005 1418 40

149 1458 286 1533 Antiope,
302 1477 440 1532 cognosce
453 1458 573 1516 Iovem:
595 1456 652 1515 tibi
665 1456 758 1531 gloria
770 1457 860 1516 Dirce

189 1556 317 1615 Ducitur
329 1556 362 1614 in
374 1555 476 1614 multis
489 1558 611 1614 mortem
623 1555 761 1615 habitura
774 1555 856 1615 locis.

150 1657 239 1716 Prata
252 1658 444 1713 cruentantur
456 1655 554 1727 Zetho,
570 1655 723 1732 victorque
736 1657 861 1716 canebat

115 1777 117 1781 ·
190 1754 304 1812 Paeana
317 1753 464 1828 Amphion
477 1773 559 1830 rupe,
574 1754 754 1831 Aracyntho,
769 1758 833 1813 tua.

152 1851 264 1911 Fabula
276 1852 360 1910 nulla
372 1855 439 1910 tuas
452 1853 488 1910 de
502 1852 585 1911 nobis
599 1853 725 1912 concitet
739 1872 845 1912 aures:
966 1860 1003 1911 45

191 1953 231 2011 Te
246 1953 335 2012 solam
349 1956 379 2011 et
391 1951 481 2027 lignis
493 1952 606 2011 funeris
620 1957 705 2012 ustus
718 1973 821 2013 amem.

545 2150 606 2189 XVI.

152 2252 220 2308 Nox
233 2250 336 2323 media,
353 2253 383 2308 et
396 2250 528 2308 dominae
541 2250 615 2308 mihi
627 2251 711 2311 venit
727 2250 852 2327 epistola
864 2255 991 2311 nostrae.

191 2350 298 2408 Tibure
312 2369 358 2408 me
371 2348 458 2407 missa
470 2348 557 2408 iussit
570 2350 667 2408 adesse
681 2370 770 2423 mora,

153 2448 352 2524 Candidaque
366 2448 495 2522 geminas
509 2449 667 2508 ostendunt
681 2448 810 2507 culmina
822 2451 930 2520 turres,

190 2547 230 2604 Et
244 2546 320 2604 cadit
333 2546 365 2604 in
378 2547 494 2623 patulos
508 2547 627 2625 lympha
639 2547 755 2607 Aniena
767 2549 860 2607 lacus.

154 2645 232 2710 Quid
244 2643 349 2703 faciam
360 2644 373 2703 ?
394 2646 526 2705 obductis
540 2647 717 2705 committam
730 2665 814 2705 mene
827 2647 957 2706 tenebris
985 2655 1002 2704 5

192 2745 235 2803 Ut
246 2743 364 2802 timeam
378 2744 500 2803 audaces
512 2745 544 2802 in
558 2766 622 2804 mea
634 2748 763 2805 membra
776 2745 902 2804 manus?

153 2845 196 2902 At
209 2842 233 2901 si
245 2842 317 2902 haec
330 2843 469 2902 distulero
480 2848 580 2904 nostro
595 2846 731 2904 mandata
742 2845 857 2917 timore,

192 2943 222 3000 N
223 2944 343 3000 coturno
356 2943 443 3000 fletus
458 2942 569 3002 saevior
582 2944 666 3003 hoste
679 2944 762 3003 mihi.

153 3044 306 3102 Peccaram
320 3043 416 3115 semel,
433 3047 463 3102 et
475 3046 571 3102 totum
585 3065 649 3103 sum
661 3045 761 3122 pulsus
774 3044 807 3104 in
820 3064 948 3104 annum:

192 3144 231 3200 In
244 3160 290 3199 me
303 3144 467 3199 mansuetas
479 3160 538 3199 non
551 3143 640 3202 habet
652 3143 706 3202 illa
718 3163 831 3203 manus.
969 3149 1006 3201 10

153 3241 182 3298 N
184 3260 215 3298 ec
225 3244 323 3297 tamen
337 3243 382 3298 est
392 3239 554 3316 quisquam,
572 3260 665 3300 sacros
679 3242 731 3319 qui
743 3242 840 3302 laedat
854 3245 1005 3301 amantes:

194 3337 320 3398 Scironis
332 3339 426 3398 media
440 3338 481 3398 sic
493 3339 564 3398 licet
576 3339 620 3398 ire
633 3340 690 3399 via.
