2168 3720
278 208 577 271 1111111111.
599 208 663 282 111,
689 213 734 268 11.
754 213 799 267 11.
929 213 965 269 ar

153 369 247 428 Ponat
260 371 291 428 et
302 368 335 427 in
348 367 423 427 sicco
436 366 565 426 molliter
577 366 658 425 unda
670 367 772 427 minas.

118 467 262 544 Aspiciam
274 468 372 525 nullos
384 465 524 525 hodierna
536 466 603 524 luce
616 466 756 538 dolentes,

154 566 193 626 Et
205 565 317 624 Niobae
330 565 463 624 lacrimas
477 565 640 640 supprimat
652 565 715 640 ipso
728 565 812 641 lapis.

119 666 280 742 lloyonum
291 664 394 742 positis
407 662 593 740 requiescant
605 683 655 722 ora
668 664 815 740 querellis,

152 764 290 840 Increpet
303 765 490 839 absumptum
502 782 556 820 neo
571 783 623 821 sua
635 765 729 820 mater
742 762 832 840 Itym.
930 771 964 824 10

119 863 227 942 Tuque,
243 858 339 923 ooara
351 863 432 936 mihi,
448 862 584 922 felicibus
598 862 677 922 edita
689 863 802 939 pennis,

154 963 248 1038 Surge
261 967 292 1023 et
303 966 454 1040 poscentes
466 962 546 1022 iusta
557 981 675 1039 precare
688 962 765 1021 deos.

113 1063 157 1120 Ao
170 1062 298 1137 primum
310 1082 385 1139 pura
398 1082 530 1121 somnum
543 1061 599 1122 tibi
612 1061 725 1121 discute
737 1061 868 1139 lympha,

152 1161 194 1220 Et
206 1161 314 1220 nitidas
326 1180 425 1237 presso
438 1160 544 1238 pollice
556 1161 635 1235 finge
649 1180 744 1219 comas
756 1181 763 1219 :

112 1259 198 1332 Dein,
215 1280 274 1337 qua
285 1261 412 1337 primum
425 1261 523 1319 oeulos
537 1259 640 1336 cepisti
652 1264 734 1318 veste
747 1259 889 1337 Properti,
929 1267 962 1319 15

152 1358 257 1431 Indue,
272 1378 327 1418 neo
339 1378 464 1418 vacuum
477 1359 548 1417 flore
560 1357 695 1435 relinque
708 1362 812 1434 ceput:

111 1457 154 1515 Et
161 1462 235 1532 pete,
250 1477 305 1534 quo
311 1457 410 1534 polles,
426 1462 459 1516 ut
471 1459 510 1516 act
524 1457 679 1533 tibisormu
685 1459 827 1533 perennia,

152 1557 240 1634 Inque
249 1577 337 1616 mecm
349 1577 452 1633 smper
465 1562 538 1616 11111
552 1562 601 1615 tua
613 1576 699 1633 repca
711 1562 804 1633 caput.

113 1656 188 1715 Inde
201 1660 351 1715 coronatas
364 1656 415 1716 ubi
428 1659 495 1715 ture
508 1655 634 1732 piaveris
647 1675 719 1730 aras,

153 1753 279 1814 buxerit
292 1758 323 1814 et
334 1758 398 1814 tota
410 1755 526 1814 flamma
539 1756 665 1815 secunda
678 1757 770 1829 domo,
927 1761 963 1814 20

114 1853 160 1911 Sit
172 1872 288 1913 mensae
301 1854 384 1927 ratio,
399 1873 517 1931 noxque
530 1853 609 1913 inter
620 1855 725 1931 pocula
739 1858 844 1929 currat,

153 1953 193 2013 Et
206 1952 321 2011 crocino
333 1953 412 2013 naris
424 1973 558 2012 murreus
570 1957 664 2028 ungat
677 1972 766 2031 onyx.

114 2051 199 2109 'libia
211 2052 363 2110 nocturnis
376 2054 545 2111 succumbat
557 2071 645 2110 rauca
658 2051 777 2123 choreis,

154 2150 193 2208 Et
207 2149 267 2208 sint
279 2150 428 2227 nequitiae
440 2150 533 2210 libera
544 2153 634 2212 verba
645 2155 723 2223 tuae,

114 2247 270 2324 Duloiaque
282 2248 412 2322 ingratos
424 2248 554 2308 adimant
567 2248 700 2308 convivia
713 2267 834 2320 somnos,
926 2253 963 2305 25

154 2346 275 2404 Publica
287 2345 401 2406 vicinae
414 2351 579 2424 perstrepat
592 2367 662 2406 aura
675 2346 748 2406 viae.

115 2444 162 2503 Sit
175 2463 236 2503 sors
249 2448 279 2504 et
291 2444 376 2504 nobis
388 2447 515 2505 talorum
527 2446 687 2522 interprete
700 2445 788 2519 iactu,

155 2544 249 2610 Quem
262 2545 399 2619 gravibus
411 2546 515 2623 pennis
528 2548 662 2605 verberet
674 2545 726 2605 ille
739 2565 821 2622 puer.

115 2644 189 2702 Cum
201 2644 293 2704 luerit
305 2644 408 2704 multis
420 2649 524 2704 exacta
535 2645 693 2704 trientibus
705 2645 785 2717 hora,

154 2743 256 2803 Noctis
269 2747 299 2803 et
311 2743 449 2803 instituet
463 2764 543 2803 sacra
555 2743 689 2803 ministra
701 2744 810 2815 Venus,
926 2747 962 2799 30

114 2845 223 2903 Annua
236 2845 380 2904 solvamus
392 2845 521 2905 thalamo
535 2844 686 2904 sollemnia
698 2849 805 2917 nostro,

155 2945 185 3002 N
185 2945 328 3022 atalisque
341 2945 388 3004 tui
401 2945 442 3005 sio
454 2964 609 3022 pergamus
621 2945 688 3004 iter.

518 3142 562 3182 XI.

115 3243 194 3308 (111111
206 3242 320 3316 mirare,
335 3263 429 3303 meam
443 3243 577 3304 siversat
588 3242 698 3302 femina
710 3242 802 3302 vitam

156 3342 196 3402 Et
208 3342 301 3403 trabit
314 3342 463 3403 addictum
475 3343 530 3402 sub
543 3362 596 3402 sua
608 3342 674 3403 iura
686 3342 791 3415 virum,
