2168 3720
448 210 573 272 LIBER
592 211 649 272 1v.
955 211 979 271 li

113 371 225 433 scriba.
256 389 335 431 wmc
347 370 389 443 Η,
404 369 474 429 libri
486 369 625 448 plurimi:
645 369 697 429 sed
709 388 760 430 ora
773 369 852 448 quod
865 368 979 448 aliquot

113 472 192 531 libri
205 470 347 530 exbibsnt
361 470 495 529 excidere
508 470 609 546 potuit
621 474 688 546 post
701 490 753 529 -σν,

159 575 191 630 4.
214 570 262 630 37.
282 573 396 644 reponet
408 568 446 640 N,
462 573 583 644 reportet
596 569 636 640 Η,
653 567 722 628 libri
735 566 880 627 nonnulli.

160 673 191 726 4.
213 672 261 726 42.
288 668 344 726 Oai
355 667 390 725 L.
405 667 576 739 Muellerus,
592 667 714 726 fortasse
727 671 816 727 recto.

160 771 191 824 4.
212 767 261 826 47.
277 763 454 841 peccabitur
479 765 518 838 N,
547 765 589 824 H.
631 765 740 824 Contra
760 765 851 824 libros
877 763 979 841 scripsi

120 864 281 937 aaaron,
295 867 414 936 temere,
436 867 473 923 ut
492 864 586 936 credo,
606 883 624 922 a
643 863 746 923 scribis
764 863 796 922 in
805 863 980 940 paqnobc'tur

74 954 77 958 ’
120 967 279 1024 mutatum.
320 963 396 1022 Nam
408 950 536 1040 primurn
550 968 608 1022 toto
621 964 653 1021 iro
665 961 867 1038 orbopupnori
877 981 930 1039 per
949 982 979 1021 so

121 1063 282 1122 absurdum
296 1066 350 1122 est.
376 1061 443 1135 Qui,
456 1081 572 1139 quaeso,
585 1060 747 1138 pugnaturi
761 1059 854 1120 sunt?
879 1059 980 1119 Sabini

122 1165 155 1221 ot
170 1159 305 1219 Romani.
346 1161 388 1219 At
410 1160 512 1220 Sabini
532 1164 618 1220 extra
636 1178 735 1218 muros
756 1162 834 1230 sunt,
849 1158 979 1217 nondum

121 1262 156 1319 in
168 1259 244 1320 urio.
285 1260 361 1318 Tum
383 1265 441 1318 tota
460 1260 595 1337 ineptum
616 1264 671 1320 est.
711 1259 824 1317 Rumor
843 1258 886 1317 ait
904 1278 979 1335 pug-

122 1357 268 1418 namioro
282 1359 384 1416 iotario
402 1358 477 1430 urbo,
499 1377 553 1434 per
574 1377 673 1416 omnes
692 1356 790 1416 vicos!
831 1356 905 1422 Quis
924 1376 979 1415 un·

124 1463 215 1536 quarn
227 1457 264 1516 de
275 1456 331 1516 tali
344 1476 445 1533 pugna
458 1455 594 1516 audivit?
626 1456 760 1515 Tertium
774 1460 979 1531 argumentum

124 1555 263 1633 estquod
283 1574 349 1614 cum
369 1554 521 1614 advenerit
541 1554 686 1620 crastinus
698 1554 761 1613 dies
779 1555 815 1614 de
829 1574 887 1631 quo
908 1554 978 1612 Tar·

73 1686 77 1697 ·
124 1655 191 1732 poia
204 1655 322 1714 Tatium
342 1654 487 1726 admonet,
503 1654 580 1712 nihil
593 1654 629 1713 de
641 1673 742 1731 pugna
760 1654 819 1712 iarn
832 1654 975 1725 audimus,

126 1756 164 1812 73
185 1773 276 1831 seqq.‚
292 1754 343 1813 sed
363 1753 400 1812 de
417 1753 493 1814 festo
511 1753 568 1825 die,
591 1773 658 1812 oum
676 1753 820 1812 Romulus
839 1753 978 1812 excubias

125 1855 256 1915 docrevit
274 1855 307 1914 in
320 1854 381 1914 otia
397 1855 479 1927 solvi,
497 1857 628 1931 ternpore
645 1853 863 1914 insidiatoribus
875 1873 978 1930 oppor-

125 1953 289 2013 tunissimo.
332 1953 534 2012 Necessarium
546 1953 664 2012 videtur
674 1972 807 2012 amovere
821 1952 896 2010 illud
903 1971 978 2028 puy·

126 2052 250 2111 nubitur.
295 2051 327 2110 si
345 2052 411 2129 quis
429 2053 537 2111 habeat
552 2053 675 2111 verbum
693 2051 815 2128 propius
835 2051 872 2108 ad
890 2050 980 2109 libros

127 2155 266 2213 accedens
279 2173 368 2230 quam
382 2152 539 2224 cessabitur,
554 2152 638 2211 nobis
650 2171 710 2210 non
719 2150 867 2209 invideat:
883 2150 981 2226 aptius

127 2254 166 2312 ad
178 2251 354 2312 sententiam
367 2271 456 2329 quam
468 2252 550 2310 locus
563 2250 693 2327 postulat
705 2268 765 2307 non
778 2247 950 2324 reperietur.

168 2355 197 2411 4.
220 2355 268 2410 51.
290 2352 397 2428 morino
410 2350 449 2409 N.
483 2368 596 2426 mcccc
609 2347 769 2426 (vocativo)
784 2347 829 2405 ed.
863 2349 982 2424 mayo'cao

129 2451 230 2526 vulgo.

171 2555 199 2607 4.
222 2554 269 2607 55.
291 2549 341 2608 Ita
357 2548 395 2606 N.
438 2548 562 2622 Signum
580 2546 781 2621 interrogandi
802 2546 880 2624 quod
898 2545 983 2622 posui

131 2648 169 2706 od
183 2648 234 2706 fin.
250 2668 278 2706 v.
301 2647 398 2705 omnia
409 2648 499 2723 plana
511 2645 592 2705 facit.
636 2646 686 2704 so
699 2649 744 2705 est
763 2646 808 2705 ἐπὶ
826 2645 933 2717 τοῖσδε,
949 2648 984 2703 ut

131 2766 216 2823 saepe
231 2746 309 2823 apud
322 2746 516 2823 Propertium.
552 2746 697 2820 patriocoo
710 2745 752 2806 H.

172 2852 199 2903 4.
222 2851 270 2917 59,
288 2849 334 2904 60.
356 2845 475 2904 colom:
496 2849 607 2919 nuptae,
622 2844 739 2903 Voacet.
776 2844 826 2902 Ita
839 2843 871 2901 Η
883 2843 982 2917 vulgo,

131 2965 199 3003 oum
211 2943 305 3002 libris.
341 2943 459 3020 Optime
472 2946 502 3002 et
515 2943 655 3001 facillime
668 2943 765 3001 locum
779 2939 894 2999 sanavit
902 2941 985 2999 Mad-

132 3046 239 3120 vigius.
290 3045 381 3120 ‘Ego
411 3043 435 3103 si
462 3044 546 3103 Tatio
573 3045 691 3115 nubam,
720 3042 884 3101 commissas
911 3041 987 3102 acies

133 3145 245 3204 solvere
257 3163 392 3220 possum;
412 3163 464 3202 vos
478 3143 617 3221 (Romani
631 3145 661 3202 et
675 3141 777 3202 Sabini
785 3141 870 3218 acii),
886 3145 986 3200 nostro

133 3243 268 3319 coniugio
280 3243 383 3302 foedus
396 3242 490 3303 inite!

173 3349 202 3400 4.
226 3347 273 3401 68.
294 3342 412 3417 rosariis
426 3341 503 3415 libri,
520 3361 547 3400 ac
559 3341 654 3416 scriis
669 3338 849 3399 Passeratius
863 3343 893 3398 et
907 3339 987 3400 Livi-
