2168 3720
114 234 168 288 128
296 229 516 288 PROPERTII
536 231 597 290 EL.
619 232 673 305 IV,
697 236 724 291 7.
748 237 775 292 8.

113 394 132 422 “
143 389 204 447 Hie
217 388 275 447 sita
287 386 418 447 Tiburne
430 386 507 447 iacet
520 407 608 448 aurea
621 389 751 468 Cynthia
762 393 854 451 11111
928 397 960 450 85

149 485 282 546 Accessit
294 486 375 563 ripae
387 486 462 559 laus,
477 487 601 561 Aniene,
616 488 717 548 tuee.’'

110 586 141 643 N
141 605 174 646 ec
186 590 222 645 tu
235 605 339 662 sperne
351 585 410 661 piis
422 565 579 645 venientia
585 587 697 646 somnia
708 588 803 664 portis
816 609 823 647 :

151 686 225 743 Cum
237 684 288 761 pia
300 689 447 745 venerunt
459 685 579 758 somnis,
594 687 709 764 pondus
721 689 843 747 habent.

111 783 205 842 Nocte
218 803 309 858 vagae
321 783 464 843 ferimur:
485 803 547 843 nox
560 786 672 844 clauses
684 785 792 846 liberat
804 786 932 858 umbras,

150 883 239 943 Errat
252 886 283 942 et
295 882 408 942 abiectu
421 883 563 943 Cerberus
576 883 638 961 ipse
652 904 725 946 sera.
931 889 965 942 90

111 983 191 1041 Luce
203 983 308 1042 iubent
319 983 400 1057 leges
412 983 542 1043 Lethaea
554 984 591 1041 ud
604 987 708 1059 stagna
720 984 848 1044 reverti:

151 1081 213 1141 Nos
224 1081 368 1155 vehimur,
383 1085 502 1141 vectum
513 1085 606 1142 nauta
619 1086 752 1143 recenset
765 1102 849 1143 onus.

113 1181 200 1240 Nunc
213 1184 244 1240 te
257 1180 424 1257 possideant
436 1181 512 1240 11111
523 1203 531 1241 :
553 1201 624 1241 mox
637 1182 698 1241 sola
710 1183 817 1241 tenebo
830 1203 838 1241 :

151 1281 269 1340 Mecum
282 1279 347 1353 eris,
363 1284 394 1339 et
406 1279 509 1339 mixtis
521 1280 634 1340 ossibus
647 1300 711 1340 osse
722 1280 848 1341 teram.’'

113 1380 196 1439 Haec
209 1382 363 1457 postquam
377 1379 502 1456 querula
513 1399 629 1438 mecum
642 1380 696 1438 sub
709 1379 764 1439 lito
776 1379 901 1455 peregit,
931 1385 966 1438 95

153 1481 238 1539 Inter
250 1480 419 1557 complexus
431 1478 543 1539 excidit
555 1480 659 1537 umbra
671 1498 760 1539 meos.

506 1676 574 1717 vm.

10 1860 14 1867 .
116 1776 212 1848 Disce,
227 1776 301 1853 quid
312 1774 460 1854 Esquilias
472 1776 528 1834 hae
540 1777 626 1834 nocte
638 1773 752 1850 fugarit
765 1793 897 1852 aquosas,

156 1874 230 1933 (111111
242 1874 339 1934 vicina
351 1874 435 1934 novis
448 1875 536 1934 turba
548 1873 679 1933 cucurrit
692 1873 779 1948 agris.
841 1913 844 1921 ·

116 1973 283 2032 Lanuvium
296 1973 397 2032 annosi
410 1977 496 2032 vetus
510 1977 555 2033 est
566 1974 662 2032 1111111
675 1972 814 2044 draconis,

156 2072 281 2132 Hicubi
293 2076 354 2131 tam
367 2091 449 2131 rarae
462 2091 522 2130 non
533 2071 612 2148 perit
625 2073 696 2130 horu
708 2091 814 2144 morae,

119 2173 184 2237 Qua
198 2191 277 2230 sacer
290 2170 434 2247 abripitur
448 2191 531 2230 caeco
544 2172 699 2230 descensus
711 2171 805 2243 hiatu,
951 2175 968 2227 5

158 2272 223 2336 Qua
234 2269 501 2347 penetrat—virgo,
517 2271 576 2329 t'ale
589 2271 647 2330 iter
660 2290 744 2329 omne
758 2289 827 2329 cave
838 2269 888 2328 1-

118 2370 217 2429 Ieiuni
230 2369 371 2445 serpentis
384 2369 484 2442 honos,
501 2389 567 2427 cum
579 2368 687 2446 pabula
699 2368 794 2446 poscit

157 2471 266 2527 Annus
278 2471 309 2526 et
322 2488 360 2526 ex
372 2467 431 2526 ima
445 2467 529 2527 sibila
541 2471 661 2545 torquet
672 2468 771 2526 humo.

119 2568 201 2626 Talia
214 2567 353 2626 demissae
364 2567 479 2643 pellent
492 2567 529 2625 ed
542 2586 622 2626 sacra
634 2567 760 2643 puellae,

159 2667 233 2726 Cum
245 2669 354 2725 temere
368 2665 495 2740 anguino
510 2665 639 2725 creditur
652 2684 700 2724 ore
714 2683 827 2725 manus.
936 2669 972 2722 10

120 2767 177 2825 Ille
192 2765 246 2824 sibi
260 2767 388 2824 admotas
402 2784 419 2824 a
431 2765 546 2840 virgine
560 2764 679 2841 corripit
692 2783 791 2823 escas:

159 2865 289 2941 Virginis
302 2865 335 2923 in
347 2865 451 2941 palmis
464 2864 529 2942 ipsa
542 2864 668 2923 canistra
680 2865 822 2922 tremunt.

121 2963 152 3021 Si
165 2964 277 3023 fuerint
291 2967 394 3036 castae,
409 2965 533 3023 redeunt
545 2964 578 3022 in
592 2964 666 3022 coila
678 2954 843 3039 parentum,

159 3064 351 3140 Clamantque
364 3062 525 3138 agricolae:
550 3061 700 3122 “Fertilis
712 3081 806 3120 annus
820 3059 907 3120 erit.”

119 3163 188 3222 Huc
201 3184 265 3222 mea
277 3163 405 3223 detonsis
418 3166 519 3222 avecta
533 3167 578 3222 est
592 3162 720 3240 Cynthia
733 3160 862 3221 mannis:
937 3166 973 3220 15

160 3261 253 3321 Causa
265 3262 326 3322 fuit
338 3263 424 3335 Iuno,
440 3264 490 3321 sed
503 3282 586 3338 mage
600 3281 687 3321 causa
699 3261 809 3320 Venus.

120 3361 225 3436 Appia,
242 3361 288 3420 dic
302 3382 417 3438 quaeso,
434 3366 577 3440 quantum
590 3364 620 3421 te
633 3363 709 3420 teste
722 3359 907 3436 triumphum
995 3383 1000 3391 ·
