<?xml version="1.0" encoding="UTF-8"?>
<!DOCTYPE html PUBLIC "-//W3C//DTD XHTML 1.0 Transitional//EN"
    "http://www.w3.org/TR/xhtml1/DTD/xhtml1-transitional.dtd">
<html xmlns="http://www.w3.org/1999/xhtml" xml:lang="en" lang="en">
 <head>
  <title>
</title>
<meta http-equiv="Content-Type" content="text/html;charset=utf-8" />
  <meta name='ocr-system' content='tesseract 3.04.00' />
  <meta name='ocr-capabilities' content='ocr_page ocr_carea ocr_par ocr_line ocrx_word'/>
</head>
<body>
  <div class='ocr_page' id='page_1' title='image "./elegiarumlibrii00palmgoog_0136.png"; bbox 0 0 2168 3720; ppageno 0'>
   <div class='ocr_carea' id='block_1_1' title="bbox 270 223 953 296">
    <p class='ocr_par' dir='ltr' id='par_1_1' title="bbox 270 223 953 296">
     <span class='ocr_line' id='line_1_1' title="bbox 270 223 953 296; baseline -0.006 -12"><span class='ocrx_word' id='word_1_1' title='bbox 270 225 489 284; x_wconf 84' lang='lat' dir='ltr'><strong>PROPERTII</strong></span> <span class='ocrx_word' id='word_1_2' title='bbox 509 225 569 283; x_wconf 88' lang='lat' dir='ltr'>EL.</span> <span class='ocrx_word' id='word_1_3' title='bbox 591 225 635 296; x_wconf 92' lang='lat' dir='ltr'>II,</span> <span class='ocrx_word' id='word_1_4' title='bbox 658 227 706 282; x_wconf 83' lang='lat'>26.</span> <span class='ocrx_word' id='word_1_5' title='bbox 728 223 775 283; x_wconf 81' lang='lat'>27.</span> <span class='ocrx_word' id='word_1_6' title='bbox 916 229 953 280; x_wconf 83' lang='lat'>59</span> 
     </span>
    </p>
   </div>
   <div class='ocr_carea' id='block_1_2' title="bbox 40 382 951 2915">
    <p class='ocr_par' dir='ltr' id='par_1_2' title="bbox 40 382 951 2915">
     <span class='ocr_line' id='line_1_2' title="bbox 100 382 866 459; baseline 0 -19"><span class='ocrx_word' id='word_1_7' title='bbox 100 383 142 440; x_wconf 86' lang='lat' dir='ltr'>Et</span> <span class='ocrx_word' id='word_1_8' title='bbox 155 383 256 442; x_wconf 90' lang='lat' dir='ltr'>tabula</span> <span class='ocrx_word' id='word_1_9' title='bbox 268 403 328 443; x_wconf 86' lang='lat' dir='ltr'>una</span> <span class='ocrx_word' id='word_1_10' title='bbox 340 385 412 442; x_wconf 89' lang='lat' dir='ltr'>duos</span> <span class='ocrx_word' id='word_1_11' title='bbox 425 382 533 459; x_wconf 92' lang='lat' dir='ltr'>poterit</span> <span class='ocrx_word' id='word_1_12' title='bbox 545 402 714 458; x_wconf 90' lang='lat' dir='ltr'>componere</span> <span class='ocrx_word' id='word_1_13' title='bbox 727 384 866 454; x_wconf 88' lang='lat' dir='ltr'>amantes,</span> 
     </span>
     <span class='ocr_line' id='line_1_3' title="bbox 142 481 775 558; baseline 0.002 -19"><span class='ocrx_word' id='word_1_14' title='bbox 142 482 232 540; x_wconf 90' lang='lat' dir='ltr'>Prora</span> <span class='ocrx_word' id='word_1_15' title='bbox 245 482 340 541; x_wconf 86' lang='lat' dir='ltr'>cubile</span> <span class='ocrx_word' id='word_1_16' title='bbox 353 482 427 540; x_wconf 91' lang='lat' dir='ltr'>mihi</span> <span class='ocrx_word' id='word_1_17' title='bbox 440 502 491 541; x_wconf 90' lang='lat' dir='ltr'>seu</span> <span class='ocrx_word' id='word_1_18' title='bbox 504 482 578 539; x_wconf 91' lang='lat' dir='ltr'>mihi</span> <span class='ocrx_word' id='word_1_19' title='bbox 590 482 696 558; x_wconf 83' lang='lat' dir='ltr'>puppis</span> <span class='ocrx_word' id='word_1_20' title='bbox 710 481 775 540; x_wconf 87' lang='lat' dir='ltr'>en’t.</span> 
     </span>
     <span class='ocr_line' id='line_1_4' title="bbox 40 580 951 657; baseline -0.002 -19"><span class='ocrx_word' id='word_1_21' title='bbox 40 596 77 639; x_wconf 61' lang='grc' dir='ltr'>(π)</span> <span class='ocrx_word' id='word_1_22' title='bbox 103 580 208 639; x_wconf 89' lang='lat' dir='ltr'>Omnia</span> <span class='ocrx_word' id='word_1_23' title='bbox 219 582 385 657; x_wconf 88' lang='lat' dir='ltr'>perpetiar:</span> <span class='ocrx_word' id='word_1_24' title='bbox 408 600 510 639; x_wconf 86' lang='lat' dir='ltr'>saevus</span> <span class='ocrx_word' id='word_1_25' title='bbox 523 580 594 639; x_wconf 90' lang='lat' dir='ltr'>licet</span> <span class='ocrx_word' id='word_1_26' title='bbox 606 583 711 654; x_wconf 86' lang='lat' dir='ltr'>urgeat</span> <span class='ocrx_word' id='word_1_27' title='bbox 724 581 829 649; x_wconf 87' lang='lat' dir='ltr'>Eurus,</span> <span class='ocrx_word' id='word_1_28' title='bbox 918 584 951 636; x_wconf 88' lang='grc'>15</span> 
     </span>
     <span class='ocr_line' id='line_1_5' title="bbox 142 678 824 756; baseline 0 -19"><span class='ocrx_word' id='word_1_29' title='bbox 142 679 273 756; x_wconf 86' lang='lat' dir='ltr'>Velaque</span> <span class='ocrx_word' id='word_1_30' title='bbox 286 681 318 738; x_wconf 80' lang='lat' dir='ltr'>c’n</span> <span class='ocrx_word' id='word_1_31' title='bbox 330 679 475 738; x_wconf 92' lang='lat' dir='ltr'>incertum</span> <span class='ocrx_word' id='word_1_32' title='bbox 487 678 612 752; x_wconf 84' lang='lat' dir='ltr'>frigidus</span> <span class='ocrx_word' id='word_1_33' title='bbox 625 680 734 737; x_wconf 86' lang='lat' dir='ltr'>Auster</span> <span class='ocrx_word' id='word_1_34' title='bbox 747 683 824 752; x_wconf 85' lang='lat' dir='ltr'>agat,</span> 
     </span>
     <span class='ocr_line' id='line_1_6' title="bbox 102 777 861 854; baseline 0.001 -19"><span class='ocrx_word' id='word_1_35' title='bbox 102 777 306 854; x_wconf 77' lang='lat' dir='ltr'>Quotoumquc</span> <span class='ocrx_word' id='word_1_36' title='bbox 320 782 350 837; x_wconf 92' lang='lat' dir='ltr'>et</span> <span class='ocrx_word' id='word_1_37' title='bbox 363 778 445 836; x_wconf 86' lang='lat' dir='ltr'>venti</span> <span class='ocrx_word' id='word_1_38' title='bbox 458 777 595 836; x_wconf 89' lang='lat' dir='ltr'>miserum</span> <span class='ocrx_word' id='word_1_39' title='bbox 608 778 737 836; x_wconf 75' lang='lat' dir='ltr'>vexastis</span> <span class='ocrx_word' id='word_1_40' title='bbox 750 778 861 837; x_wconf 80' lang='lat' dir='ltr'>Ulixen</span> 
     </span>
     <span class='ocr_line' id='line_1_7' title="bbox 142 875 764 947; baseline 0.003 -15"><span class='ocrx_word' id='word_1_41' title='bbox 142 877 182 934; x_wconf 88' lang='lat' dir='ltr'>Et</span> <span class='ocrx_word' id='word_1_42' title='bbox 195 875 329 934; x_wconf 86' lang='lat' dir='ltr'>Danaum</span> <span class='ocrx_word' id='word_1_43' title='bbox 342 876 470 934; x_wconf 87' lang='lat' dir='ltr'>Euboico</span> <span class='ocrx_word' id='word_1_44' title='bbox 483 876 570 934; x_wconf 91' lang='lat' dir='ltr'>litore</span> <span class='ocrx_word' id='word_1_45' title='bbox 583 876 664 934; x_wconf 87' lang='lat' dir='ltr'>mille</span> <span class='ocrx_word' id='word_1_46' title='bbox 677 879 764 947; x_wconf 89' lang='lat' dir='ltr'>rates,</span> 
     </span>
     <span class='ocr_line' id='line_1_8' title="bbox 101 974 808 1051; baseline -0.001 -19"><span class='ocrx_word' id='word_1_47' title='bbox 101 975 143 1034; x_wconf 85' lang='lat' dir='ltr'>Et</span> <span class='ocrx_word' id='word_1_48' title='bbox 156 975 208 1051; x_wconf 87' lang='lat' dir='ltr'>qui</span> <span class='ocrx_word' id='word_1_49' title='bbox 221 975 352 1034; x_wconf 89' lang='lat' dir='ltr'>movistis</span> <span class='ocrx_word' id='word_1_50' title='bbox 365 976 466 1034; x_wconf 72' lang='lat' dir='ltr'>monita</span> <span class='ocrx_word' id='word_1_51' title='bbox 479 976 546 1046; x_wconf 86' lang='lat' dir='ltr'>duo,</span> <span class='ocrx_word' id='word_1_52' title='bbox 563 994 629 1033; x_wconf 92' lang='lat' dir='ltr'>cum</span> <span class='ocrx_word' id='word_1_53' title='bbox 642 974 714 1032; x_wconf 88' lang='lat' dir='ltr'>ratis</span> <span class='ocrx_word' id='word_1_54' title='bbox 728 975 808 1049; x_wconf 85' lang='lat' dir='ltr'>Argo</span> 
     </span>
     <span class='ocr_line' id='line_1_9' title="bbox 40 1074 951 1149; baseline 0.001 -19"><span class='ocrx_word' id='word_1_55' title='bbox 40 1099 76 1139; x_wconf 68' lang='lat' dir='ltr'>fro)</span> <span class='ocrx_word' id='word_1_56' title='bbox 141 1074 212 1132; x_wconf 90' lang='lat' dir='ltr'>Dux</span> <span class='ocrx_word' id='word_1_57' title='bbox 226 1078 288 1133; x_wconf 89' lang='lat' dir='ltr'>erat</span> <span class='ocrx_word' id='word_1_58' title='bbox 300 1074 400 1149; x_wconf 86' lang='lat' dir='ltr'>ignoto</span> <span class='ocrx_word' id='word_1_59' title='bbox 413 1074 501 1133; x_wconf 86' lang='lat' dir='ltr'>missa</span> <span class='ocrx_word' id='word_1_60' title='bbox 514 1075 647 1133; x_wconf 89' lang='lat' dir='ltr'>columba</span> <span class='ocrx_word' id='word_1_61' title='bbox 659 1074 741 1134; x_wconf 90' lang='lat' dir='ltr'>mari.</span> <span class='ocrx_word' id='word_1_62' title='bbox 892 1123 895 1131; x_wconf 93' lang='lat'>.</span> <span class='ocrx_word' id='word_1_63' title='bbox 913 1079 951 1132; x_wconf 84' lang='lat'>20</span> 
     </span>
     <span class='ocr_line' id='line_1_10' title="bbox 102 1173 810 1250; baseline 0 -20"><span class='ocrx_word' id='word_1_64' title='bbox 102 1173 162 1230; x_wconf 80' lang='lat' dir='ltr'>Ille</span> <span class='ocrx_word' id='word_1_65' title='bbox 174 1173 246 1231; x_wconf 89' lang='lat' dir='ltr'>meis</span> <span class='ocrx_word' id='word_1_66' title='bbox 259 1176 375 1232; x_wconf 85' lang='lat' dir='ltr'>tantum</span> <span class='ocrx_word' id='word_1_67' title='bbox 387 1193 446 1231; x_wconf 91' lang='lat' dir='ltr'>non</span> <span class='ocrx_word' id='word_1_68' title='bbox 460 1193 600 1250; x_wconf 91' lang='lat' dir='ltr'>umquam</span> <span class='ocrx_word' id='word_1_69' title='bbox 613 1173 689 1231; x_wconf 90' lang='lat' dir='ltr'>desit</span> <span class='ocrx_word' id='word_1_70' title='bbox 702 1173 810 1245; x_wconf 84' lang='lat' dir='ltr'>ocellis,</span> 
     </span>
     <span class='ocr_line' id='line_1_11' title="bbox 142 1272 717 1349; baseline 0.003 -20"><span class='ocrx_word' id='word_1_71' title='bbox 142 1272 284 1330; x_wconf 91' lang='lat' dir='ltr'>Incendat</span> <span class='ocrx_word' id='word_1_72' title='bbox 297 1292 401 1330; x_wconf 85' lang='lat' dir='ltr'>navem</span> <span class='ocrx_word' id='word_1_73' title='bbox 414 1273 551 1349; x_wconf 91' lang='lat' dir='ltr'>Iuppiter</span> <span class='ocrx_word' id='word_1_74' title='bbox 563 1273 624 1349; x_wconf 91' lang='lat' dir='ltr'>ipse</span> <span class='ocrx_word' id='word_1_75' title='bbox 638 1272 717 1331; x_wconf 90' lang='lat' dir='ltr'>licet.</span> 
     </span>
     <span class='ocr_line' id='line_1_12' title="bbox 101 1370 772 1446; baseline 0.003 -19"><span class='ocrx_word' id='word_1_76' title='bbox 101 1370 187 1427; x_wconf 80' lang='lat' dir='ltr'>Certe</span> <span class='ocrx_word' id='word_1_77' title='bbox 200 1370 291 1428; x_wconf 90' lang='lat' dir='ltr'>isdem</span> <span class='ocrx_word' id='word_1_78' title='bbox 304 1370 377 1428; x_wconf 88' lang='lat' dir='ltr'>nudi</span> <span class='ocrx_word' id='word_1_79' title='bbox 389 1371 499 1446; x_wconf 89' lang='lat' dir='ltr'>pariter</span> <span class='ocrx_word' id='word_1_80' title='bbox 511 1371 683 1430; x_wconf 78' lang='lat' dir='ltr'>iactabimur</span> <span class='ocrx_word' id='word_1_81' title='bbox 696 1371 772 1429; x_wconf 89' lang='lat' dir='ltr'>oris:</span> 
     </span>
     <span class='ocr_line' id='line_1_13' title="bbox 140 1468 793 1545; baseline 0.003 -19"><span class='ocrx_word' id='word_1_82' title='bbox 140 1469 190 1527; x_wconf 87' lang='lat' dir='ltr'>Me</span> <span class='ocrx_word' id='word_1_83' title='bbox 202 1468 272 1527; x_wconf 90' lang='lat' dir='ltr'>licet</span> <span class='ocrx_word' id='word_1_84' title='bbox 284 1470 363 1527; x_wconf 87' lang='lat' dir='ltr'>unda</span> <span class='ocrx_word' id='word_1_85' title='bbox 375 1469 459 1541; x_wconf 81' lang='lat' dir='ltr'>ferat,</span> <span class='ocrx_word' id='word_1_86' title='bbox 476 1473 506 1528; x_wconf 92' lang='lat' dir='ltr'>te</span> <span class='ocrx_word' id='word_1_87' title='bbox 518 1470 602 1527; x_wconf 91' lang='lat' dir='ltr'>modo</span> <span class='ocrx_word' id='word_1_88' title='bbox 615 1472 694 1529; x_wconf 91' lang='lat' dir='ltr'>terra</span> <span class='ocrx_word' id='word_1_89' title='bbox 702 1473 793 1545; x_wconf 87' lang='lat' dir='ltr'>tegat.</span> 
     </span>
     <span class='ocr_line' id='line_1_14' title="bbox 45 1568 950 1644; baseline 0.003 -21"><span class='ocrx_word' id='word_1_90' title='bbox 45 1590 75 1631; x_wconf 78' lang='lat' dir='ltr'>or</span> <span class='ocrx_word' id='word_1_91' title='bbox 102 1569 159 1626; x_wconf 88' lang='lat' dir='ltr'>Sed</span> <span class='ocrx_word' id='word_1_92' title='bbox 171 1587 230 1627; x_wconf 91' lang='lat' dir='ltr'>non</span> <span class='ocrx_word' id='word_1_93' title='bbox 244 1568 399 1644; x_wconf 83' lang='lat' dir='ltr'>Neptunus</span> <span class='ocrx_word' id='word_1_94' title='bbox 412 1571 495 1626; x_wconf 88' lang='lat' dir='ltr'>tanto</span> <span class='ocrx_word' id='word_1_95' title='bbox 508 1568 633 1627; x_wconf 91' lang='lat' dir='ltr'>crudelis</span> <span class='ocrx_word' id='word_1_96' title='bbox 647 1569 745 1642; x_wconf 90' lang='lat' dir='ltr'>amori,</span> <span class='ocrx_word' id='word_1_97' title='bbox 912 1573 950 1627; x_wconf 82' lang='lat'>25</span> 
     </span>
     <span class='ocr_line' id='line_1_15' title="bbox 140 1666 701 1743; baseline 0.004 -19"><span class='ocrx_word' id='word_1_98' title='bbox 140 1667 296 1743; x_wconf 86' lang='lat' dir='ltr'>Neptunus</span> <span class='ocrx_word' id='word_1_99' title='bbox 308 1666 394 1725; x_wconf 78' lang='lat' dir='ltr'>tratri</span> <span class='ocrx_word' id='word_1_100' title='bbox 406 1686 459 1742; x_wconf 91' lang='lat' dir='ltr'>par</span> <span class='ocrx_word' id='word_1_101' title='bbox 471 1666 502 1724; x_wconf 90' lang='lat' dir='ltr'>in</span> <span class='ocrx_word' id='word_1_102' title='bbox 517 1687 612 1725; x_wconf 91' lang='lat' dir='ltr'>amore</span> <span class='ocrx_word' id='word_1_103' title='bbox 626 1668 701 1726; x_wconf 90' lang='lat' dir='ltr'>Iovi.</span> 
     </span>
     <span class='ocr_line' id='line_1_16' title="bbox 101 1765 830 1843; baseline 0.001 -20"><span class='ocrx_word' id='word_1_104' title='bbox 101 1767 196 1824; x_wconf 86' lang='lat' dir='ltr'>Testis</span> <span class='ocrx_word' id='word_1_105' title='bbox 209 1767 381 1843; x_wconf 86' lang='lat' dir='ltr'>Amymone,</span> <span class='ocrx_word' id='word_1_106' title='bbox 396 1765 500 1824; x_wconf 86' lang='lat' dir='ltr'>latices</span> <span class='ocrx_word' id='word_1_107' title='bbox 514 1785 578 1824; x_wconf 86' lang='lat' dir='ltr'>oum</span> <span class='ocrx_word' id='word_1_108' title='bbox 591 1765 690 1838; x_wconf 83' lang='lat' dir='ltr'>ferret,</span> <span class='ocrx_word' id='word_1_109' title='bbox 707 1767 739 1824; x_wconf 89' lang='lat' dir='ltr'>iu</span> <span class='ocrx_word' id='word_1_110' title='bbox 753 1766 830 1825; x_wconf 86' lang='lat' dir='ltr'>arvis</span> 
     </span>
     <span class='ocr_line' id='line_1_17' title="bbox 141 1865 831 1941; baseline 0.001 -18"><span class='ocrx_word' id='word_1_111' title='bbox 141 1866 317 1941; x_wconf 88' lang='lat' dir='ltr'>Compressa,</span> <span class='ocrx_word' id='word_1_112' title='bbox 334 1868 364 1923; x_wconf 91' lang='lat' dir='ltr'>et</span> <span class='ocrx_word' id='word_1_113' title='bbox 377 1866 489 1923; x_wconf 85' lang='lat' dir='ltr'>Lernae</span> <span class='ocrx_word' id='word_1_114' title='bbox 499 1865 584 1939; x_wconf 92' lang='lat' dir='ltr'>pulsa</span> <span class='ocrx_word' id='word_1_115' title='bbox 597 1865 723 1924; x_wconf 87' lang='lat' dir='ltr'>tridente</span> <span class='ocrx_word' id='word_1_116' title='bbox 736 1866 831 1941; x_wconf 81' lang='lat' dir='ltr'>palus.</span> 
     </span>
     <span class='ocr_line' id='line_1_18' title="bbox 100 1965 800 2041; baseline 0.001 -19"><span class='ocrx_word' id='word_1_117' title='bbox 100 1966 165 2023; x_wconf 90' lang='lat' dir='ltr'>Iam</span> <span class='ocrx_word' id='word_1_118' title='bbox 179 1966 249 2024; x_wconf 90' lang='lat' dir='ltr'>deus</span> <span class='ocrx_word' id='word_1_119' title='bbox 263 1967 401 2041; x_wconf 91' lang='lat' dir='ltr'>amplexu</span> <span class='ocrx_word' id='word_1_120' title='bbox 414 1968 515 2024; x_wconf 81' lang='lat' dir='ltr'>votum</span> <span class='ocrx_word' id='word_1_121' title='bbox 528 1965 688 2041; x_wconf 86' lang='lat' dir='ltr'>persolvit:</span> <span class='ocrx_word' id='word_1_122' title='bbox 711 1965 800 2023; x_wconf 91' lang='lat' dir='ltr'>atilli</span> 
     </span>
     <span class='ocr_line' id='line_1_19' title="bbox 47 2065 949 2141; baseline -0.002 -18"><span class='ocrx_word' id='word_1_123' title='bbox 47 2083 76 2123; x_wconf 69' lang='grc' dir='ltr'>ω)</span> <span class='ocrx_word' id='word_1_124' title='bbox 139 2066 238 2124; x_wconf 87' lang='lat' dir='ltr'>Aurea</span> <span class='ocrx_word' id='word_1_125' title='bbox 250 2065 364 2123; x_wconf 82' lang='lat' dir='ltr'>divinas</span> <span class='ocrx_word' id='word_1_126' title='bbox 376 2085 452 2123; x_wconf 90' lang='lat' dir='ltr'>urna</span> <span class='ocrx_word' id='word_1_127' title='bbox 463 2065 595 2141; x_wconf 81' lang='lat' dir='ltr'>profudit</span> <span class='ocrx_word' id='word_1_128' title='bbox 608 2084 706 2141; x_wconf 90' lang='lat' dir='ltr'>aquas.</span> <span class='ocrx_word' id='word_1_129' title='bbox 913 2070 949 2122; x_wconf 90' lang='lat'>30</span> 
     </span>
     <span class='ocr_line' id='line_1_20' title="bbox 101 2161 830 2240; baseline -0.001 -19"><span class='ocrx_word' id='word_1_130' title='bbox 101 2164 254 2222; x_wconf 85' lang='lat' dir='ltr'>Crudelem</span> <span class='ocrx_word' id='word_1_131' title='bbox 268 2166 298 2222; x_wconf 93' lang='lat' dir='ltr'>et</span> <span class='ocrx_word' id='word_1_132' title='bbox 310 2164 432 2222; x_wconf 89' lang='lat' dir='ltr'>Boream</span> <span class='ocrx_word' id='word_1_133' title='bbox 445 2167 529 2240; x_wconf 86' lang='lat' dir='ltr'>rapta</span> <span class='ocrx_word' id='word_1_134' title='bbox 543 2163 679 2240; x_wconf 83' lang='lat' dir='ltr'>Orithyia</span> <span class='ocrx_word' id='word_1_135' title='bbox 691 2161 830 2236; x_wconf 87' lang='lat' dir='ltr'>negavit:</span> 
     </span>
     <span class='ocr_line' id='line_1_21' title="bbox 140 2262 773 2321; baseline -0.002 -2"><span class='ocrx_word' id='word_1_136' title='bbox 140 2262 199 2320; x_wconf 91' lang='lat' dir='ltr'>Hic</span> <span class='ocrx_word' id='word_1_137' title='bbox 212 2263 283 2320; x_wconf 90' lang='lat' dir='ltr'>deus</span> <span class='ocrx_word' id='word_1_138' title='bbox 297 2267 327 2321; x_wconf 92' lang='lat' dir='ltr'>et</span> <span class='ocrx_word' id='word_1_139' title='bbox 340 2265 432 2321; x_wconf 89' lang='lat' dir='ltr'>terras</span> <span class='ocrx_word' id='word_1_140' title='bbox 445 2265 475 2321; x_wconf 91' lang='lat' dir='ltr'>et</span> <span class='ocrx_word' id='word_1_141' title='bbox 488 2262 579 2320; x_wconf 89' lang='lat' dir='ltr'>maria</span> <span class='ocrx_word' id='word_1_142' title='bbox 593 2262 653 2320; x_wconf 84' lang='lat' dir='ltr'>alta</span> <span class='ocrx_word' id='word_1_143' title='bbox 666 2262 773 2319; x_wconf 92' lang='lat' dir='ltr'>domat.</span> 
     </span>
     <span class='ocr_line' id='line_1_22' title="bbox 101 2360 871 2437; baseline 0 -20"><span class='ocrx_word' id='word_1_144' title='bbox 101 2360 191 2419; x_wconf 85' lang='lat' dir='ltr'>Crede</span> <span class='ocrx_word' id='word_1_145' title='bbox 204 2361 285 2435; x_wconf 88' lang='lat' dir='ltr'>mihi,</span> <span class='ocrx_word' id='word_1_146' title='bbox 299 2360 382 2419; x_wconf 90' lang='lat' dir='ltr'>nobis</span> <span class='ocrx_word' id='word_1_147' title='bbox 395 2360 528 2419; x_wconf 88' lang='lat' dir='ltr'>mitescet</span> <span class='ocrx_word' id='word_1_148' title='bbox 543 2360 650 2437; x_wconf 84' lang='lat' dir='ltr'>Scylla,</span> <span class='ocrx_word' id='word_1_149' title='bbox 666 2379 719 2417; x_wconf 91' lang='lat' dir='ltr'>nec</span> <span class='ocrx_word' id='word_1_150' title='bbox 732 2379 871 2435; x_wconf 89' lang='lat' dir='ltr'>umquam</span> 
     </span>
     <span class='ocr_line' id='line_1_23' title="bbox 139 2459 799 2537; baseline 0 -21"><span class='ocrx_word' id='word_1_151' title='bbox 139 2460 315 2518; x_wconf 84' lang='lat' dir='ltr'>Alternante</span> <span class='ocrx_word' id='word_1_152' title='bbox 327 2479 433 2518; x_wconf 89' lang='lat' dir='ltr'>vorans</span> <span class='ocrx_word' id='word_1_153' title='bbox 446 2464 529 2518; x_wconf 85' lang='lat' dir='ltr'>vasta</span> <span class='ocrx_word' id='word_1_154' title='bbox 544 2459 704 2537; x_wconf 86' lang='lat' dir='ltr'>Charybdis</span> <span class='ocrx_word' id='word_1_155' title='bbox 715 2479 799 2536; x_wconf 89' lang='lat' dir='ltr'>aqua.</span> 
     </span>
     <span class='ocr_line' id='line_1_24' title="bbox 46 2557 948 2634; baseline 0 -19"><span class='ocrx_word' id='word_1_156' title='bbox 46 2573 74 2615; x_wconf 65' lang='grc' dir='ltr'>ω)</span> <span class='ocrx_word' id='word_1_157' title='bbox 100 2557 227 2634; x_wconf 90' lang='lat' dir='ltr'>Ipsaque</span> <span class='ocrx_word' id='word_1_158' title='bbox 240 2557 334 2616; x_wconf 86' lang='lat' dir='ltr'>sidera</span> <span class='ocrx_word' id='word_1_159' title='bbox 346 2561 434 2617; x_wconf 91' lang='lat' dir='ltr'>eruut</span> <span class='ocrx_word' id='word_1_160' title='bbox 445 2558 537 2617; x_wconf 90' lang='lat' dir='ltr'>nullis</span> <span class='ocrx_word' id='word_1_161' title='bbox 550 2560 671 2617; x_wconf 90' lang='lat' dir='ltr'>obscura</span> <span class='ocrx_word' id='word_1_162' title='bbox 683 2558 819 2630; x_wconf 89' lang='lat' dir='ltr'>tenebris,</span> <span class='ocrx_word' id='word_1_163' title='bbox 912 2564 948 2616; x_wconf 83' lang='grc'>35</span> 
     </span>
     <span class='ocr_line' id='line_1_25' title="bbox 139 2657 750 2733; baseline 0.003 -19"><span class='ocrx_word' id='word_1_164' title='bbox 139 2657 234 2716; x_wconf 88' lang='lat' dir='ltr'>Purus</span> <span class='ocrx_word' id='word_1_165' title='bbox 248 2660 278 2715; x_wconf 91' lang='lat' dir='ltr'>et</span> <span class='ocrx_word' id='word_1_166' title='bbox 291 2657 389 2729; x_wconf 86' lang='lat' dir='ltr'>Orion,</span> <span class='ocrx_word' id='word_1_167' title='bbox 404 2677 495 2733; x_wconf 90' lang='lat' dir='ltr'>purus</span> <span class='ocrx_word' id='word_1_168' title='bbox 508 2661 539 2717; x_wconf 90' lang='lat' dir='ltr'>et</span> <span class='ocrx_word' id='word_1_169' title='bbox 552 2658 672 2716; x_wconf 89' lang='lat' dir='ltr'>Haedus</span> <span class='ocrx_word' id='word_1_170' title='bbox 686 2657 750 2716; x_wconf 90' lang='lat' dir='ltr'>crit.</span> 
     </span>
     <span class='ocr_line' id='line_1_26' title="bbox 100 2755 782 2833; baseline 0.003 -20"><span class='ocrx_word' id='word_1_171' title='bbox 100 2755 182 2820; x_wconf 81' lang='lat' dir='ltr'>Quod</span> <span class='ocrx_word' id='word_1_172' title='bbox 195 2755 268 2814; x_wconf 91' lang='lat' dir='ltr'>mihi</span> <span class='ocrx_word' id='word_1_173' title='bbox 281 2756 306 2814; x_wconf 89' lang='lat' dir='ltr'>si</span> <span class='ocrx_word' id='word_1_174' title='bbox 318 2757 451 2832; x_wconf 89' lang='lat' dir='ltr'>ponenda</span> <span class='ocrx_word' id='word_1_175' title='bbox 463 2759 514 2815; x_wconf 93' lang='lat' dir='ltr'>tuo</span> <span class='ocrx_word' id='word_1_176' title='bbox 529 2756 568 2815; x_wconf 89' lang='lat' dir='ltr'>sit</span> <span class='ocrx_word' id='word_1_177' title='bbox 581 2776 698 2833; x_wconf 91' lang='lat' dir='ltr'>corpore</span> <span class='ocrx_word' id='word_1_178' title='bbox 712 2756 782 2831; x_wconf 86' lang='lat' dir='ltr'>vita,</span> 
     </span>
     <span class='ocr_line' id='line_1_27' title="bbox 139 2854 739 2915; baseline 0.002 -3"><span class='ocrx_word' id='word_1_179' title='bbox 139 2854 246 2913; x_wconf 85' lang='lat' dir='ltr'>Exitus</span> <span class='ocrx_word' id='word_1_180' title='bbox 259 2855 308 2913; x_wconf 90' lang='lat' dir='ltr'>hic</span> <span class='ocrx_word' id='word_1_181' title='bbox 321 2854 404 2913; x_wconf 87' lang='lat' dir='ltr'>nobis</span> <span class='ocrx_word' id='word_1_182' title='bbox 416 2875 476 2913; x_wconf 90' lang='lat' dir='ltr'>non</span> <span class='ocrx_word' id='word_1_183' title='bbox 488 2855 659 2915; x_wconf 87' lang='lat' dir='ltr'>inhonestus</span> <span class='ocrx_word' id='word_1_184' title='bbox 673 2855 739 2914; x_wconf 90' lang='lat' dir='ltr'>crit.</span> 
     </span>
    </p>
   </div>
   <div class='ocr_carea' id='block_1_3' title="bbox 470 3052 564 3092">
    <p class='ocr_par' dir='ltr' id='par_1_3' title="bbox 470 3052 564 3092">
     <span class='ocr_line' id='line_1_28' title="bbox 470 3052 564 3092; baseline 0 0"><span class='ocrx_word' id='word_1_185' title='bbox 470 3052 564 3092; x_wconf 79' lang='lat' dir='ltr'>xxm.</span> 
     </span>
    </p>
   </div>
   <div class='ocr_carea' id='block_1_4' title="bbox 98 3151 826 3425">
    <p class='ocr_par' dir='ltr' id='par_1_4' title="bbox 98 3151 826 3425">
     <span class='ocr_line' id='line_1_29' title="bbox 98 3151 772 3225; baseline -0.001 -16"><span class='ocrx_word' id='word_1_186' title='bbox 98 3153 141 3209; x_wconf 84' lang='lat' dir='ltr'>At</span> <span class='ocrx_word' id='word_1_187' title='bbox 153 3171 205 3210; x_wconf 89' lang='lat' dir='ltr'>voe</span> <span class='ocrx_word' id='word_1_188' title='bbox 218 3152 368 3224; x_wconf 90' lang='lat' dir='ltr'>incertam,</span> <span class='ocrx_word' id='word_1_189' title='bbox 384 3152 530 3225; x_wconf 87' lang='lat' dir='ltr'>mortales,</span> <span class='ocrx_word' id='word_1_190' title='bbox 545 3151 658 3210; x_wconf 81' lang='lat' dir='ltr'>funeris</span> <span class='ocrx_word' id='word_1_191' title='bbox 670 3152 772 3209; x_wconf 89' lang='lat' dir='ltr'>horam</span> 
     </span>
     <span class='ocr_line' id='line_1_30' title="bbox 138 3248 759 3326; baseline 0 -18"><span class='ocrx_word' id='word_1_192' title='bbox 138 3250 293 3322; x_wconf 81' lang='lat' dir='ltr'>Quaeritis,</span> <span class='ocrx_word' id='word_1_193' title='bbox 311 3254 340 3310; x_wconf 91' lang='lat' dir='ltr'>et</span> <span class='ocrx_word' id='word_1_194' title='bbox 354 3270 412 3326; x_wconf 89' lang='lat' dir='ltr'>qua</span> <span class='ocrx_word' id='word_1_195' title='bbox 426 3251 465 3309; x_wconf 90' lang='lat' dir='ltr'>sit</span> <span class='ocrx_word' id='word_1_196' title='bbox 478 3271 553 3309; x_wconf 89' lang='lat' dir='ltr'>mors</span> <span class='ocrx_word' id='word_1_197' title='bbox 567 3251 682 3309; x_wconf 88' lang='lat' dir='ltr'>aditura</span> <span class='ocrx_word' id='word_1_198' title='bbox 694 3248 759 3308; x_wconf 83' lang='lat' dir='ltr'>via:</span> 
     </span>
     <span class='ocr_line' id='line_1_31' title="bbox 98 3350 826 3425; baseline 0 -17"><span class='ocrx_word' id='word_1_199' title='bbox 98 3351 245 3416; x_wconf 81' lang='lat' dir='ltr'>Quaeritis</span> <span class='ocrx_word' id='word_1_200' title='bbox 259 3355 289 3411; x_wconf 92' lang='lat' dir='ltr'>et</span> <span class='ocrx_word' id='word_1_201' title='bbox 303 3351 381 3410; x_wconf 90' lang='lat' dir='ltr'>caelo</span> <span class='ocrx_word' id='word_1_202' title='bbox 392 3351 571 3410; x_wconf 91' lang='lat' dir='ltr'>Phoenicum</span> <span class='ocrx_word' id='word_1_203' title='bbox 583 3350 705 3409; x_wconf 86' lang='lat' dir='ltr'>inventa</span> <span class='ocrx_word' id='word_1_204' title='bbox 717 3369 826 3425; x_wconf 86' lang='lat' dir='ltr'>sereno,</span> 
     </span>
    </p>
   </div>
   <div class='ocr_carea' id='block_1_5' title="bbox 0 0 1088 3720">
    <p class='ocr_par' dir='ltr' id='par_1_5' title="bbox 0 0 1088 3720">
     <span class='ocr_line' id='line_1_32' title="bbox 0 0 1088 3720; baseline 0 2"><span class='ocrx_word' id='word_1_205' title='bbox 0 0 1088 3720; x_wconf 95' lang='lat' dir='ltr'> </span> 
     </span>
    </p>
   </div>
  </div>
 </body>
</html>
