2168 3720
140 229 195 282 102
303 220 521 280 PROPERTII
542 219 601 277 EL.
618 220 680 290 III,
703 223 751 278 20.
774 223 822 278 21.

176 378 378 456 Pollueritque
390 397 466 436 novo
482 397 562 436 saera
574 376 680 436 marita
691 380 764 450 toro,

136 480 190 539 Illi
203 479 263 539 sint
276 479 454 556 quicumque
468 477 564 536 solent
576 477 609 535 in
622 495 719 535 amore
731 477 853 548 dolores,

176 580 216 639 Et
230 581 319 654 caput
332 580 452 652 argutae
465 578 604 652 praebeat
616 575 764 648 historiae,

135 678 199 737 Neo
212 677 297 736 flenti
310 676 442 735 dominae
455 675 598 751 patefiant
610 677 695 733 noete
707 674 863 746 fenestrae,

176 777 297 852 Semper
311 779 395 847 amet,
411 773 511 832 fructu
526 792 638 848 semper
651 773 757 831 amoris
770 791 867 847 egens.
956 779 995 831 30

531 970 629 1008 m.

138 1075 281 1148 Magnum
293 1072 350 1132 iter
364 1072 400 1130 ad
413 1071 512 1130 doctos
524 1070 668 1147 proficisci
680 1089 766 1146 cogor
779 1069 923 1141 Athenas,

178 1173 221 1232 Ut
233 1191 280 1230 me
292 1171 381 1245 longa
394 1169 477 1244 gravi
491 1169 586 1227 solvat
599 1187 695 1227 amore
707 1169 765 1229 via.

139 1270 251 1329 Crescit
264 1268 342 1329 enim
355 1268 470 1327 assidue
484 1267 637 1343 spectando
651 1286 721 1326 eura
733 1267 850 1344 puellae
861 1289 876 1326 :·

177 1369 248 1445 Ipse
262 1367 401 1427 alimenta
414 1365 470 1425 sibi
483 1365 612 1424 maxima
624 1369 744 1443 praebet
756 1368 857 1425 Amor.

138 1467 243 1527 Omnia
256 1470 325 1526 sunt
338 1469 483 1542 temptata
495 1465 577 1539 mihi,
594 1485 778 1543 quacumque
791 1465 891 1541 iugari
976 1473 993 1523 5

176 1565 289 1624 Possit:
312 1569 344 1625 at
356 1585 395 1624 ex
409 1565 488 1624 omni
500 1584 547 1623 me
560 1565 668 1640 premit
681 1566 744 1643 ipse
757 1566 838 1624 deus.

138 1664 199 1723 Vix
212 1668 310 1723 tamen
324 1668 376 1723 aut
389 1665 479 1724 semel
491 1664 631 1738 admittit,
648 1684 714 1724 eum
728 1684 814 1741 saepe
825 1663 961 1740 negarit:

179 1763 238 1822 Seu
251 1762 342 1836 venit,
358 1767 490 1823 extremo
503 1763 612 1822 dormit
625 1764 730 1822 amiota
742 1767 815 1823 toro.
832 1816 837 1826 .

139 1864 238 1923 Unum
252 1861 309 1921 erit
322 1861 468 1920 auxilium
479 1882 486 1922 :
507 1863 630 1921 mutatis
644 1862 773 1940 Cynthia
785 1862 874 1922 terris

180 1961 331 2026 Quantum
345 1960 445 2032 oeulis,
462 1960 558 2019 animo
570 1964 633 2020 tam
646 1962 748 2038 procul
759 1961 817 2021 ibit
830 1980 919 2021 amor.
958 1965 994 2018 10

140 2061 227 2119 Nune
241 2060 328 2135 agite,
344 2078 361 2117 o
376 2059 625 2135 socii,·pnopellite
637 2060 670 2118 in
684 2080 809 2137 aequom
821 2079 936 2133 navem,

179 2160 395 2236 Remorumque
408 2178 491 2235 pares
505 2159 605 2218 ducite
619 2162 696 2218 sorte
708 2159 796 2231 vices,

140 2259 320 2336 Iungiteque
334 2261 463 2317 extremo
476 2257 575 2317 felicia
587 2258 680 2318 lintea
692 2259 786 2317 maio:

179 2358 244 2416 Iam
257 2358 404 2434 liquidum
416 2357 516 2416 nautis
529 2376 600 2415 aura
615 2358 755 2417 secundat
766 2357 834 2416 iter.

140 2456 288 2514 Romanae
301 2459 398 2514 turres
412 2459 443 2515 et
455 2476 506 2515 vos
520 2455 643 2515 valeatis
656 2456 750 2529 amioi,
895 2462 902 2472 '
959 2460 994 2513 15

182 2553 410 2630 Qualiscumque
422 2554 496 2613 mihi
508 2558 602 2631 tuque
615 2556 715 2631 puella
726 2555 802 2614 vale.

140 2653 218 2727 Ergo
232 2672 285 2727 ego
298 2671 376 2711 nuno
390 2652 472 2712 rudis
485 2652 604 2712 Adriaoi
616 2654 707 2712 vehar
719 2653 854 2730 aequoris
866 2653 980 2730 hospes,

180 2751 273 2826 Cogor
287 2755 317 2810 et
329 2751 487 2811 undisonos
498 2772 578 2811 nuno
590 2772 676 2829 preoe
689 2753 768 2812 adire
781 2752 860 2812 deos.

139 2850 252 2910 Deinde
265 2870 318 2927 per
331 2850 449 2909 Ionium
461 2855 573 2924 reatus,
589 2871 656 2910 oum
669 2851 746 2910 fessa
757 2851 891 2911 Lechaeo

181 2952 296 3011 Sedarit
308 2951 422 3028 placida
434 2953 501 3012 vela
513 2953 651 3028 phaselus
664 2972 749 3029 aqua,
957 2955 995 3010 20

139 3050 224 3115 Quod
237 3055 369 3128 superest
381 3050 512 3123 sufferre,
527 3052 615 3127 pedes
628 3071 785 3128 properare
798 3051 939 3120 laborem,

179 3151 308 3208 Isthmos
321 3170 380 3227 qua
391 3150 478 3209 tem's
491 3152 571 3208 arcet
584 3153 744 3226 utrumque
757 3169 846 3208 mare.

140 3248 215 3306 Inde
228 3247 280 3306 ubi
293 3248 390 3308 Piraei
404 3247 520 3324 capient
534 3267 580 3306 me
593 3248 681 3306 litora
693 3251 804 3324 portus,

181 3347 321 3407 Soandam
337 3367 389 3423 ego
403 3347 529 3407 Theseae
543 3346 661 3407 brachia
673 3347 761 3423 longa
774 3347 848 3408 viae.
