2168 3720
228 926 319 1004 SEX.
348 925 579 1004 PROPERlII
606 923 863 1002 ELEGIARUM
893 950 898 959 ·

392 1188 516 1248 LIBER
536 1189 700 1249 PRIMUS.

448 1412 646 1419 ——.——..

541 1587 563 1628 1.

122 1715 260 1775 omnm
271 1713 366 1791 prIma
376 1712 439 1774 suis
451 1713 590 1773 miserum
603 1733 649 1772 me
664 1711 741 1789 oepit
755 1713 861 1783 ocellis,

162 1813 336 1873 Contentum
347 1811 439 1872 nullis
452 1816 520 1872 ante
534 1810 728 1888 cupidinibus.

121 1912 199 1972 Tum
210 1911 285 1971 mihi
299 1910 458 1970 constantis
471 1909 578 1969 deiecit
589 1909 702 1979 lumina
714 1910 809 1969 fastus

160 2012 202 2072 ut
215 2012 304 2087 eaput
315 2008 459 2086 impositis
471 2008 578 2085 pressit
590 2009 682 2068 Amor
694 2009 826 2086 pedibus,

122 2109 222 2168 Donec
234 2128 282 2168 me
295 2107 395 2168 donuit
408 2111 501 2167 castas
515 2108 607 2167 odisse
620 2108 734 2184 puellas
958 2111 975 2163 5

160 2208 326 2284 Improbus‚
342 2210 374 2266 et
385 2207 469 2266 nullo
481 2207 581 2267 vivere
595 2206 722 2267 consilis.

121 2305 163 2366 ut
174 2305 249 2365 mihi
261 2305 321 2364 iam
333 2306 396 2364 toto
408 2304 491 2364 finer
502 2304 551 2364 his
564 2325 623 2363 non
637 2304 736 2364 definit
748 2324 833 2378 anno,

162 2405 236 2464 (lum
248 2407 349 2464 tamen
362 2404 496 2464 adversos
510 2423 595 2479 cogor
607 2405 714 2463 habere
727 2404 804 2464 deos.

121 2503 267 2564 Milanion
278 2503 377 2562 nullos
388 2501 538 2578 fugiendo,
554 2501 650 2575 Tulle,
665 2503 778 2562 labores

162 2601 322 2664 Saeuitiam
335 2601 426 2660 durae
439 2600 574 2660 sontudit
585 2599 707 2660 Iasidos.
940 2606 976 2659 10

122 2701 199 2762 Nam
212 2702 297 2763 modo
310 2699 478 2760 Pusthsniis
491 2719 591 2759 amens
604 2701 719 2759 errabat
731 2700 763 2757 in
777 2699 878 2773 antiis,

163 2800 234 2860 Ibat
246 2803 278 2860 et
289 2798 420 2859 hirsutas
433 2798 553 2858 eominus
566 2796 618 2856 ille
630 2797 726 2859 feras:

123 2899 182 2961 Ille
195 2900 285 2962 etiam
297 2899 405 2977 Hylaei
417 2884 572 2976 percussus
584 2898 706 2958 vulnere
719 2897 792 2957 rami

163 2998 286 3060 Sentius
297 2997 432 3059 henniis
444 2998 567 3075 rupibus
580 2997 734 3074 ingemuit.

122 3098 201 3175 Engo
213 3098 345 3160 velocem
357 3096 456 3175 potuit
468 3095 613 3157 domuisse
625 3095 773 3172 puellam:
941 3098 976 3153 15

162 3196 293 3259 lantum
304 3195 338 3256 in
349 3215 446 3257 amors
459 3215 560 3273 preces
573 3197 604 3256 et
615 3193 769 3255 benefacta
781 3193 898 3255 velent!

123 3295 164 3357 In
175 3314 223 3363 me
234 3295 337 3359 tardus
350 3295 442 3357 Amor
453 3315 513 3356 non
526 3295 604 3357 ullas
618 3293 729 3375 cogitat
741 3297 831 3371 nutes,

542 3418 562 3458 B
