<?xml version="1.0" encoding="UTF-8"?>
<!DOCTYPE html PUBLIC "-//W3C//DTD XHTML 1.0 Transitional//EN"
    "http://www.w3.org/TR/xhtml1/DTD/xhtml1-transitional.dtd">
<html xmlns="http://www.w3.org/1999/xhtml" xml:lang="en" lang="en">
 <head>
  <title>
</title>
<meta http-equiv="Content-Type" content="text/html;charset=utf-8" />
  <meta name='ocr-system' content='tesseract 3.04.00' />
  <meta name='ocr-capabilities' content='ocr_page ocr_carea ocr_par ocr_line ocrx_word'/>
</head>
<body>
  <div class='ocr_page' id='page_1' title='image "./elegiarumlibrii00palmgoog_0016.png"; bbox 0 0 2168 3720; ppageno 0'>
   <div class='ocr_carea' id='block_1_1' title="bbox 475 192 986 254">
    <p class='ocr_par' dir='ltr' id='par_1_1' title="bbox 475 192 986 254">
     <span class='ocr_line' id='line_1_1' title="bbox 475 192 986 254; baseline 0.012 -6"><span class='ocrx_word' id='word_1_1' title='bbox 475 192 597 249; x_wconf 87' lang='lat' dir='ltr'>LIBER</span> <span class='ocrx_word' id='word_1_2' title='bbox 617 193 643 249; x_wconf 94' lang='lat' dir='ltr'><strong>I.</strong></span> <span class='ocrx_word' id='word_1_3' title='bbox 947 200 986 254; x_wconf 79' lang='lat' dir='ltr'><strong>vii</strong></span> 
     </span>
    </p>
   </div>
   <div class='ocr_carea' id='block_1_2' title="bbox 129 339 986 424">
    <p class='ocr_par' dir='ltr' id='par_1_2' title="bbox 129 339 986 424">
     <span class='ocr_line' id='line_1_2' title="bbox 129 339 986 424; baseline 0.011 -19"><span class='ocrx_word' id='word_1_4' title='bbox 129 339 348 422; x_wconf 80' lang='lat' dir='ltr'><strong>aLachnranno</strong></span> <span class='ocrx_word' id='word_1_5' title='bbox 372 350 527 424; x_wconf 80' lang='lat' dir='ltr'>inceptam,</span> <span class='ocrx_word' id='word_1_6' title='bbox 550 351 634 408; x_wconf 92' lang='lat' dir='ltr'><strong>nulla</strong></span> <span class='ocrx_word' id='word_1_7' title='bbox 654 351 793 409; x_wconf 88' lang='lat' dir='ltr'><strong>librorum</strong></span> <span class='ocrx_word' id='word_1_8' title='bbox 813 355 986 414; x_wconf 78' lang='lat' dir='ltr'><strong>auctoritate</strong></span> 
     </span>
    </p>
   </div>
   <div class='ocr_carea' id='block_1_3' title="bbox 76 449 986 2008">
    <p class='ocr_par' dir='ltr' id='par_1_3' title="bbox 76 449 986 2008">
     <span class='ocr_line' id='line_1_3' title="bbox 130 449 983 526; baseline 0.009 -22"><span class='ocrx_word' id='word_1_9' title='bbox 130 467 185 505; x_wconf 89' lang='lat' dir='ltr'><strong>nec</strong></span> <span class='ocrx_word' id='word_1_10' title='bbox 220 449 393 506; x_wconf 89' lang='lat' dir='ltr'><strong>firmissimis</strong></span> <span class='ocrx_word' id='word_1_11' title='bbox 427 449 605 523; x_wconf 78' lang='lat' dir='ltr'>argumentis</span> <span class='ocrx_word' id='word_1_12' title='bbox 639 450 740 507; x_wconf 85' lang='lat' dir='ltr'><strong>nixam</strong></span> <span class='ocrx_word' id='word_1_13' title='bbox 772 454 893 526; x_wconf 86' lang='lat' dir='ltr'><strong>probare</strong></span> <span class='ocrx_word' id='word_1_14' title='bbox 927 474 983 512; x_wconf 92' lang='lat' dir='ltr'><strong>non</strong></span> 
     </span>
     <span class='ocr_line' id='line_1_4' title="bbox 129 549 986 627; baseline 0.007 -23"><span class='ocrx_word' id='word_1_15' title='bbox 129 568 257 622; x_wconf 89' lang='lat' dir='ltr'><strong>possum.</strong></span> <span class='ocrx_word' id='word_1_16' title='bbox 313 550 407 606; x_wconf 87' lang='lat' dir='ltr'><strong>Immo</strong></span> <span class='ocrx_word' id='word_1_17' title='bbox 435 549 460 605; x_wconf 89' lang='lat' dir='ltr'><strong>si</strong></span> <span class='ocrx_word' id='word_1_18' title='bbox 483 549 709 623; x_wconf 87' lang='lat' dir='ltr'><strong>Neapolitanum</strong></span> <span class='ocrx_word' id='word_1_19' title='bbox 733 551 780 607; x_wconf 90' lang='lat' dir='ltr'><strong>hic</strong></span> <span class='ocrx_word' id='word_1_20' title='bbox 799 571 986 627; x_wconf 77' lang='lat' dir='ltr'><strong>sequeremur</strong></span> 
     </span>
     <span class='ocr_line' id='line_1_5' title="bbox 128 646 984 725; baseline 0.006 -22"><span class='ocrx_word' id='word_1_21' title='bbox 128 652 191 704; x_wconf 90' lang='lat' dir='ltr'><strong>tres</strong></span> <span class='ocrx_word' id='word_1_22' title='bbox 209 646 279 704; x_wconf 87' lang='lat' dir='ltr'>libri</span> <span class='ocrx_word' id='word_1_23' title='bbox 305 667 364 704; x_wconf 93' lang='lat' dir='ltr'><strong>non</strong></span> <span class='ocrx_word' id='word_1_24' title='bbox 388 651 528 723; x_wconf 88' lang='lat' dir='ltr'><strong>quattuor</strong></span> <span class='ocrx_word' id='word_1_25' title='bbox 548 648 656 704; x_wconf 90' lang='lat' dir='ltr'><strong>nedum</strong></span> <span class='ocrx_word' id='word_1_26' title='bbox 684 648 815 725; x_wconf 90' lang='lat' dir='ltr'><strong>quinque</strong></span> <span class='ocrx_word' id='word_1_27' title='bbox 837 653 984 708; x_wconf 91' lang='lat' dir='ltr'><strong>statuendi</strong></span> 
     </span>
     <span class='ocr_line' id='line_1_6' title="bbox 128 745 983 821; baseline 0.004 -18"><span class='ocrx_word' id='word_1_28' title='bbox 128 749 221 803; x_wconf 87' lang='lat' dir='ltr'><strong>erant.</strong></span> <span class='ocrx_word' id='word_1_29' title='bbox 243 746 321 803; x_wconf 89' lang='lat' dir='ltr'><strong>Nam</strong></span> <span class='ocrx_word' id='word_1_30' title='bbox 331 745 443 820; x_wconf 90' lang='lat' dir='ltr'><strong>primus</strong></span> <span class='ocrx_word' id='word_1_31' title='bbox 453 745 527 802; x_wconf 89' lang='lat' dir='ltr'><strong>liber</strong></span> <span class='ocrx_word' id='word_1_32' title='bbox 536 765 595 803; x_wconf 95' lang='lat' dir='ltr'><strong>non</strong></span> <span class='ocrx_word' id='word_1_33' title='bbox 606 746 767 821; x_wconf 87' lang='lat' dir='ltr'><strong>diremptus</strong></span> <span class='ocrx_word' id='word_1_34' title='bbox 776 755 820 805; x_wconf 88' lang='lat' dir='ltr'><strong>est</strong></span> <span class='ocrx_word' id='word_1_35' title='bbox 831 769 848 804; x_wconf 85' lang='lat' dir='ltr'><strong>a</strong></span> <span class='ocrx_word' id='word_1_36' title='bbox 859 751 983 806; x_wconf 88' lang='lat' dir='ltr'><strong>secundo</strong></span> 
     </span>
     <span class='ocr_line' id='line_1_7' title="bbox 127 845 983 920; baseline 0.007 -19"><span class='ocrx_word' id='word_1_37' title='bbox 127 845 160 901; x_wconf 90' lang='lat' dir='ltr'><strong>in</strong></span> <span class='ocrx_word' id='word_1_38' title='bbox 174 845 377 920; x_wconf 87' lang='lat' dir='ltr'><strong>Neapolitano.</strong></span> <span class='ocrx_word' id='word_1_39' title='bbox 420 845 477 902; x_wconf 80' lang='lat' dir='ltr'><strong>sed</strong></span> <span class='ocrx_word' id='word_1_40' title='bbox 490 846 554 914; x_wconf 90' lang='lat' dir='ltr'><strong>hoo,</strong></span> <span class='ocrx_word' id='word_1_41' title='bbox 571 847 666 917; x_wconf 88' lang='lat' dir='ltr'><strong>credo,</strong></span> <span class='ocrx_word' id='word_1_42' title='bbox 683 866 750 904; x_wconf 89' lang='lat' dir='ltr'><strong>casu</strong></span> <span class='ocrx_word' id='word_1_43' title='bbox 771 849 892 906; x_wconf 87' lang='lat' dir='ltr'><strong>accidit:</strong></span> <span class='ocrx_word' id='word_1_44' title='bbox 915 870 983 907; x_wconf 87' lang='lat' dir='ltr'><strong>nam</strong></span> 
     </span>
     <span class='ocr_line' id='line_1_8' title="bbox 126 943 983 1017; baseline 0.005 -17"><span class='ocrx_word' id='word_1_45' title='bbox 126 944 263 1001; x_wconf 81' lang='lat' dir='ltr'><strong>ultimam</strong></span> <span class='ocrx_word' id='word_1_46' title='bbox 283 944 391 1000; x_wconf 82' lang='lat' dir='ltr'><strong>hneam</strong></span> <span class='ocrx_word' id='word_1_47' title='bbox 410 943 442 999; x_wconf 89' lang='lat' dir='ltr'><strong>in</strong></span> <span class='ocrx_word' id='word_1_48' title='bbox 462 943 569 1017; x_wconf 88' lang='lat' dir='ltr'><strong>pagina</strong></span> <span class='ocrx_word' id='word_1_49' title='bbox 588 943 661 1002; x_wconf 81' lang='lat' dir='ltr'><strong>iacit</strong></span> <span class='ocrx_word' id='word_1_50' title='bbox 680 964 781 1002; x_wconf 85' lang='lat' dir='ltr'><strong>versus</strong></span> <span class='ocrx_word' id='word_1_51' title='bbox 804 946 983 1010; x_wconf 80' lang='lat' dir='ltr'><strong>“Quaeritis</strong></span> 
     </span>
     <span class='ocr_line' id='line_1_9' title="bbox 126 1042 983 1118; baseline 0.005 -19"><span class='ocrx_word' id='word_1_52' title='bbox 126 1043 205 1100; x_wconf 90' lang='lat' dir='ltr'><strong>unde</strong></span> <span class='ocrx_word' id='word_1_53' title='bbox 224 1043 297 1099; x_wconf 88' lang='lat' dir='ltr'><strong>mihi</strong></span> <span class='ocrx_word' id='word_1_54' title='bbox 320 1042 455 1118; x_wconf 90' lang='lat' dir='ltr'><strong>quotiens</strong></span> <span class='ocrx_word' id='word_1_55' title='bbox 478 1042 642 1099; x_wconf 88' lang='lat' dir='ltr'><strong>scribantur</strong></span> <span class='ocrx_word' id='word_1_56' title='bbox 664 1043 805 1114; x_wconf 86' lang='lat' dir='ltr'><strong>amores‚&#39;&#39;</strong></span> <span class='ocrx_word' id='word_1_57' title='bbox 826 1065 879 1102; x_wconf 88' lang='lat' dir='ltr'><strong>nec</strong></span> <span class='ocrx_word' id='word_1_58' title='bbox 897 1046 983 1104; x_wconf 87' lang='lat' dir='ltr'><strong>licuit</strong></span> 
     </span>
     <span class='ocr_line' id='line_1_10' title="bbox 127 1141 982 1216; baseline 0.006 -19"><span class='ocrx_word' id='word_1_59' title='bbox 127 1142 237 1199; x_wconf 84' lang='lat' dir='ltr'><strong>scribae</strong></span> <span class='ocrx_word' id='word_1_60' title='bbox 259 1142 386 1216; x_wconf 89' lang='lat' dir='ltr'><strong>spatium</strong></span> <span class='ocrx_word' id='word_1_61' title='bbox 409 1161 466 1216; x_wconf 91' lang='lat' dir='ltr'><strong>quo</strong></span> <span class='ocrx_word' id='word_1_62' title='bbox 488 1141 627 1216; x_wconf 88' lang='lat' dir='ltr'><strong>discerpit</strong></span> <span class='ocrx_word' id='word_1_63' title='bbox 649 1141 758 1198; x_wconf 89' lang='lat' dir='ltr'><strong>librum</strong></span> <span class='ocrx_word' id='word_1_64' title='bbox 785 1145 943 1201; x_wconf 88' lang='lat' dir='ltr'><strong>secundum</strong></span> <span class='ocrx_word' id='word_1_65' title='bbox 965 1167 982 1202; x_wconf 89' lang='lat' dir='ltr'><strong>a</strong></span> 
     </span>
     <span class='ocr_line' id='line_1_11' title="bbox 125 1240 790 1316; baseline 0.003 -19"><span class='ocrx_word' id='word_1_66' title='bbox 125 1240 223 1310; x_wconf 87' lang='lat' dir='ltr'><strong>tertio,</strong></span> <span class='ocrx_word' id='word_1_67' title='bbox 239 1240 362 1297; x_wconf 88' lang='lat' dir='ltr'><strong>tertium</strong></span> <span class='ocrx_word' id='word_1_68' title='bbox 375 1260 393 1296; x_wconf 90' lang='lat' dir='ltr'><strong>a</strong></span> <span class='ocrx_word' id='word_1_69' title='bbox 406 1245 520 1316; x_wconf 86' lang='lat' dir='ltr'><strong>quarto,</strong></span> <span class='ocrx_word' id='word_1_70' title='bbox 535 1240 583 1297; x_wconf 91' lang='lat' dir='ltr'><strong>hic</strong></span> <span class='ocrx_word' id='word_1_71' title='bbox 597 1241 790 1316; x_wconf 74' lang='lat' dir='ltr'><strong>interponere.</strong></span> 
     </span>
     <span class='ocr_line' id='line_1_12' title="bbox 166 1339 980 1414; baseline 0.004 -18"><span class='ocrx_word' id='word_1_72' title='bbox 166 1340 392 1414; x_wconf 86' lang='lat' dir='ltr'><strong>Neapolitanum</strong></span> <span class='ocrx_word' id='word_1_73' title='bbox 414 1340 492 1398; x_wconf 89' lang='lat' dir='ltr'><strong>inter</strong></span> <span class='ocrx_word' id='word_1_74' title='bbox 516 1339 636 1410; x_wconf 83' lang='lat' dir='ltr'><strong>codices,</strong></span> <span class='ocrx_word' id='word_1_75' title='bbox 662 1340 894 1397; x_wconf 80' lang='lat' dir='ltr'><strong>Hnnrzsnnoion</strong></span> <span class='ocrx_word' id='word_1_76' title='bbox 912 1363 980 1399; x_wconf 82' lang='lat' dir='ltr'><strong>vero</strong></span> 
     </span>
     <span class='ocr_line' id='line_1_13' title="bbox 124 1438 980 1512; baseline 0.004 -17"><span class='ocrx_word' id='word_1_77' title='bbox 124 1438 203 1496; x_wconf 89' lang='lat' dir='ltr'><strong>inter</strong></span> <span class='ocrx_word' id='word_1_78' title='bbox 223 1439 347 1496; x_wconf 82' lang='lat' dir='ltr'><strong>editores</strong></span> <span class='ocrx_word' id='word_1_79' title='bbox 368 1440 470 1496; x_wconf 89' lang='lat' dir='ltr'><strong>ducem</strong></span> <span class='ocrx_word' id='word_1_80' title='bbox 485 1438 569 1512; x_wconf 87' lang='lat' dir='ltr'><strong>elegi,</strong></span> <span class='ocrx_word' id='word_1_81' title='bbox 593 1444 623 1496; x_wconf 91' lang='lat' dir='ltr'><strong>et</strong></span> <span class='ocrx_word' id='word_1_82' title='bbox 637 1438 707 1496; x_wconf 90' lang='lat' dir='ltr'><strong>satis</strong></span> <span class='ocrx_word' id='word_1_83' title='bbox 727 1441 894 1497; x_wconf 79' lang='lat' dir='ltr'><strong>existimari</strong></span> <span class='ocrx_word' id='word_1_84' title='bbox 914 1441 980 1498; x_wconf 89' lang='lat' dir='ltr'><strong>illos</strong></span> 
     </span>
     <span class='ocr_line' id='line_1_14' title="bbox 122 1536 978 1606; baseline 0.004 -13"><span class='ocrx_word' id='word_1_85' title='bbox 122 1538 201 1594; x_wconf 92' lang='lat' dir='ltr'><strong>locos</strong></span> <span class='ocrx_word' id='word_1_86' title='bbox 215 1538 290 1594; x_wconf 87' lang='lat' dir='ltr'><strong>solos</strong></span> <span class='ocrx_word' id='word_1_87' title='bbox 304 1556 533 1606; x_wconf 88' lang='lat' dir='ltr'><strong>commemorare,</strong></span> <span class='ocrx_word' id='word_1_88' title='bbox 549 1536 600 1593; x_wconf 92' lang='lat' dir='ltr'><strong>ubi</strong></span> <span class='ocrx_word' id='word_1_89' title='bbox 615 1556 679 1594; x_wconf 90' lang='lat' dir='ltr'><strong>mea</strong></span> <span class='ocrx_word' id='word_1_90' title='bbox 692 1538 781 1595; x_wconf 90' lang='lat' dir='ltr'><strong>editio</strong></span> <span class='ocrx_word' id='word_1_91' title='bbox 796 1538 856 1595; x_wconf 88' lang='lat' dir='ltr'><strong>sive</strong></span> <span class='ocrx_word' id='word_1_92' title='bbox 871 1558 888 1595; x_wconf 91' lang='lat' dir='ltr'><strong>a</strong></span> <span class='ocrx_word' id='word_1_93' title='bbox 901 1539 930 1594; x_wconf 91' lang='lat' dir='ltr'>N</span> <span class='ocrx_word' id='word_1_94' title='bbox 932 1560 978 1597; x_wconf 87' lang='lat' dir='ltr'><strong>ea-</strong></span> 
     </span>
     <span class='ocr_line' id='line_1_15' title="bbox 121 1635 974 1710; baseline 0.002 -17"><span class='ocrx_word' id='word_1_95' title='bbox 121 1636 253 1710; x_wconf 85' lang='lat' dir='ltr'><strong>politano</strong></span> <span class='ocrx_word' id='word_1_96' title='bbox 264 1635 361 1694; x_wconf 92' lang='lat' dir='ltr'><strong>codice</strong></span> <span class='ocrx_word' id='word_1_97' title='bbox 375 1636 436 1693; x_wconf 86' lang='lat' dir='ltr'><strong>sive</strong></span> <span class='ocrx_word' id='word_1_98' title='bbox 451 1638 487 1694; x_wconf 92' lang='lat' dir='ltr'><strong>ab</strong></span> <span class='ocrx_word' id='word_1_99' title='bbox 502 1636 628 1692; x_wconf 90' lang='lat' dir='ltr'><strong>editione</strong></span> <span class='ocrx_word' id='word_1_100' title='bbox 640 1636 829 1709; x_wconf 84' lang='lat' dir='ltr'><strong>Hertzbergii</strong></span> <span class='ocrx_word' id='word_1_101' title='bbox 843 1637 974 1707; x_wconf 84' lang='lat' dir='ltr'><strong>discedit,</strong></span> 
     </span>
     <span class='ocr_line' id='line_1_16' title="bbox 120 1735 974 1810; baseline 0.004 -19"><span class='ocrx_word' id='word_1_102' title='bbox 120 1735 180 1791; x_wconf 90' lang='lat' dir='ltr'><strong>nisi</strong></span> <span class='ocrx_word' id='word_1_103' title='bbox 194 1735 253 1805; x_wconf 89' lang='lat' dir='ltr'><strong>ubi,</strong></span> <span class='ocrx_word' id='word_1_104' title='bbox 270 1739 406 1810; x_wconf 87' lang='lat' dir='ltr'><strong>utsupra</strong></span> <span class='ocrx_word' id='word_1_105' title='bbox 419 1735 492 1806; x_wconf 79' lang='lat' dir='ltr'><strong>dixi,</strong></span> <span class='ocrx_word' id='word_1_106' title='bbox 508 1735 540 1791; x_wconf 93' lang='lat' dir='ltr'><strong>in</strong></span> <span class='ocrx_word' id='word_1_107' title='bbox 557 1735 764 1809; x_wconf 82' lang='lat' dir='ltr'><strong>orthographia</strong></span> <span class='ocrx_word' id='word_1_108' title='bbox 785 1736 839 1792; x_wconf 91' lang='lat' dir='ltr'><strong>hoc</strong></span> <span class='ocrx_word' id='word_1_109' title='bbox 860 1736 974 1794; x_wconf 86' lang='lat' dir='ltr'><strong>accidit.</strong></span> 
     </span>
     <span class='ocr_line' id='line_1_17' title="bbox 120 1833 974 1910; baseline 0.002 -20"><span class='ocrx_word' id='word_1_110' title='bbox 120 1835 187 1892; x_wconf 87' lang='lat' dir='ltr'><strong>Hoc</strong></span> <span class='ocrx_word' id='word_1_111' title='bbox 197 1855 384 1910; x_wconf 88' lang='lat' dir='ltr'><strong>praemoneo;</strong></span> <span class='ocrx_word' id='word_1_112' title='bbox 400 1835 431 1891; x_wconf 88' lang='grc' dir='ltr'>Η</span> <span class='ocrx_word' id='word_1_113' title='bbox 444 1854 497 1909; x_wconf 89' lang='lat' dir='ltr'><strong>pro</strong></span> <span class='ocrx_word' id='word_1_114' title='bbox 510 1833 714 1905; x_wconf 83' lang='lat' dir='ltr'><strong>Hertzbergio,</strong></span> <span class='ocrx_word' id='word_1_115' title='bbox 728 1833 756 1889; x_wconf 89' lang='lat' dir='ltr'>N</span> <span class='ocrx_word' id='word_1_116' title='bbox 770 1853 821 1908; x_wconf 88' lang='lat' dir='ltr'><strong>pro</strong></span> <span class='ocrx_word' id='word_1_117' title='bbox 836 1835 864 1890; x_wconf 90' lang='lat' dir='ltr'>N</span> <span class='ocrx_word' id='word_1_118' title='bbox 866 1836 974 1909; x_wconf 85' lang='lat' dir='ltr'><strong>eapoli·</strong></span> 
     </span>
     <span class='ocr_line' id='line_1_18' title="bbox 76 1932 972 2008; baseline -0.001 -17"><span class='ocrx_word' id='word_1_119' title='bbox 76 1950 81 1958; x_wconf 85' lang='grc'><strong><em>’</em></strong></span> <span class='ocrx_word' id='word_1_120' title='bbox 120 1940 200 2005; x_wconf 87' lang='lat' dir='ltr'><strong>tanc,</strong></span> <span class='ocrx_word' id='word_1_121' title='bbox 213 1934 296 2008; x_wconf 89' lang='lat' dir='ltr'><strong>Ppro</strong></span> <span class='ocrx_word' id='word_1_122' title='bbox 307 1933 457 2003; x_wconf 86' lang='lat' dir='ltr'><strong>Perusino,</strong></span> <span class='ocrx_word' id='word_1_123' title='bbox 470 1932 557 2006; x_wconf 81' lang='lat' dir='ltr'><strong>Gpro</strong></span> <span class='ocrx_word' id='word_1_124' title='bbox 567 1932 762 2004; x_wconf 73' lang='lat' dir='ltr'><strong>Groningano,</strong></span> <span class='ocrx_word' id='word_1_125' title='bbox 774 1952 819 1989; x_wconf 91' lang='lat' dir='ltr'><strong>me</strong></span> <span class='ocrx_word' id='word_1_126' title='bbox 833 1935 972 2008; x_wconf 79' lang='lat' dir='ltr'><strong>posuisse.</strong></span> 
     </span>
    </p>
   </div>
   <div class='ocr_carea' id='block_1_4' title="bbox 395 2180 700 2239">
    <p class='ocr_par' dir='ltr' id='par_1_4' title="bbox 395 2180 700 2239">
     <span class='ocr_line' id='line_1_19' title="bbox 395 2180 700 2239; baseline -0.003 0"><span class='ocrx_word' id='word_1_127' title='bbox 395 2181 517 2239; x_wconf 82' lang='lat' dir='ltr'>LIBER</span> <span class='ocrx_word' id='word_1_128' title='bbox 537 2180 700 2238; x_wconf 85' lang='lat' dir='ltr'><strong>PRIMUS.</strong></span> 
     </span>
    </p>
   </div>
   <div class='ocr_carea' id='block_1_5' title="bbox 111 2338 970 3495">
    <p class='ocr_par' dir='ltr' id='par_1_5' title="bbox 111 2338 970 3213">
     <span class='ocr_line' id='line_1_20' title="bbox 161 2338 970 2418; baseline -0.002 -17"><span class='ocrx_word' id='word_1_129' title='bbox 161 2349 186 2400; x_wconf 90' lang='lat'><strong>1.</strong></span> <span class='ocrx_word' id='word_1_130' title='bbox 212 2349 256 2400; x_wconf 84' lang='lat'><strong>13.</strong></span> <span class='ocrx_word' id='word_1_131' title='bbox 273 2342 359 2418; x_wconf 67' lang='lat' dir='ltr'><strong>patus·</strong></span> <span class='ocrx_word' id='word_1_132' title='bbox 371 2342 409 2411; x_wconf 88' lang='lat' dir='ltr'><strong>N,</strong></span> <span class='ocrx_word' id='word_1_133' title='bbox 423 2361 494 2398; x_wconf 88' lang='lat' dir='ltr'><strong>corr.</strong></span> <span class='ocrx_word' id='word_1_134' title='bbox 507 2339 649 2409; x_wconf 88' lang='lat' dir='ltr'><strong>Perreius,</strong></span> <span class='ocrx_word' id='word_1_135' title='bbox 663 2338 785 2396; x_wconf 81' lang='lat' dir='ltr'><strong>fortasse</strong></span> <span class='ocrx_word' id='word_1_136' title='bbox 799 2359 875 2397; x_wconf 84' lang='lat' dir='ltr'><strong>vere.</strong></span> <span class='ocrx_word' id='word_1_137' title='bbox 912 2342 970 2399; x_wconf 84' lang='lat' dir='ltr'><strong>Sed</strong></span> 
     </span>
     <span class='ocr_line' id='line_1_21' title="bbox 117 2439 969 2517; baseline -0.005 -17"><span class='ocrx_word' id='word_1_138' title='bbox 117 2444 224 2500; x_wconf 84' lang='lat' dir='ltr'><strong>vellem</strong></span> <span class='ocrx_word' id='word_1_139' title='bbox 238 2441 350 2517; x_wconf 84' lang='lat' dir='ltr'><strong>aliquid</strong></span> <span class='ocrx_word' id='word_1_140' title='bbox 359 2441 478 2516; x_wconf 90' lang='lat' dir='ltr'><strong>propius</strong></span> <span class='ocrx_word' id='word_1_141' title='bbox 491 2441 528 2497; x_wconf 92' lang='lat' dir='ltr'><strong>ad</strong></span> <span class='ocrx_word' id='word_1_142' title='bbox 541 2440 630 2496; x_wconf 89' lang='lat' dir='ltr'><strong>libros</strong></span> <span class='ocrx_word' id='word_1_143' title='bbox 645 2439 781 2496; x_wconf 90' lang='lat' dir='ltr'><strong>accedens</strong></span> <span class='ocrx_word' id='word_1_144' title='bbox 793 2459 880 2515; x_wconf 89' lang='lat' dir='ltr'><strong>quam</strong></span> <span class='ocrx_word' id='word_1_145' title='bbox 894 2440 969 2496; x_wconf 89' lang='lat' dir='ltr'><strong>illud</strong></span> 
     </span>
     <span class='ocr_line' id='line_1_22' title="bbox 117 2538 967 2615; baseline -0.004 -17"><span class='ocrx_word' id='word_1_146' title='bbox 117 2542 225 2615; x_wconf 72' lang='lat' dir='ltr'><strong>Hylaei</strong></span> <span class='ocrx_word' id='word_1_147' title='bbox 238 2541 434 2614; x_wconf 82' lang='lat' dir='ltr'><strong>exogitassent</strong></span> <span class='ocrx_word' id='word_1_148' title='bbox 448 2539 534 2596; x_wconf 89' lang='lat' dir='ltr'><strong>docti.</strong></span> <span class='ocrx_word' id='word_1_149' title='bbox 564 2539 639 2594; x_wconf 90' lang='lat' dir='ltr'><strong>Nam</strong></span> <span class='ocrx_word' id='word_1_150' title='bbox 653 2557 712 2595; x_wconf 94' lang='lat' dir='ltr'><strong>non</strong></span> <span class='ocrx_word' id='word_1_151' title='bbox 726 2538 797 2594; x_wconf 84' lang='lat' dir='ltr'><strong>alias</strong></span> <span class='ocrx_word' id='word_1_152' title='bbox 808 2548 868 2594; x_wconf 85' lang='lat' dir='ltr'><strong>tam</strong></span> <span class='ocrx_word' id='word_1_153' title='bbox 882 2539 967 2611; x_wconf 83' lang='lat' dir='ltr'><strong>longe</strong></span> 
     </span>
     <span class='ocr_line' id='line_1_23' title="bbox 116 2635 965 2714; baseline -0.004 -18"><span class='ocrx_word' id='word_1_154' title='bbox 116 2660 134 2696; x_wconf 89' lang='lat' dir='ltr'><strong>a</strong></span> <span class='ocrx_word' id='word_1_155' title='bbox 145 2661 213 2698; x_wconf 78' lang='lat' dir='ltr'><strong>vera</strong></span> <span class='ocrx_word' id='word_1_156' title='bbox 226 2640 368 2714; x_wconf 87' lang='lat' dir='ltr'><strong>scriptura</strong></span> <span class='ocrx_word' id='word_1_157' title='bbox 380 2637 490 2696; x_wconf 89' lang='lat' dir='ltr'><strong>recedit</strong></span> <span class='ocrx_word' id='word_1_158' title='bbox 503 2637 595 2694; x_wconf 89' lang='lat' dir='ltr'><strong>codex</strong></span> <span class='ocrx_word' id='word_1_159' title='bbox 609 2636 644 2693; x_wconf 89' lang='lat' dir='ltr'><strong>in</strong></span> <span class='ocrx_word' id='word_1_160' title='bbox 654 2635 819 2692; x_wconf 91' lang='lat' dir='ltr'><strong>nominibus</strong></span> <span class='ocrx_word' id='word_1_161' title='bbox 832 2639 965 2711; x_wconf 83' lang='lat' dir='ltr'><strong>propriis,</strong></span> 
     </span>
     <span class='ocr_line' id='line_1_24' title="bbox 115 2735 966 2812; baseline -0.007 -16"><span class='ocrx_word' id='word_1_162' title='bbox 115 2740 186 2796; x_wconf 85' lang='lat' dir='ltr'><strong>licet</strong></span> <span class='ocrx_word' id='word_1_163' title='bbox 214 2740 245 2796; x_wconf 90' lang='lat' dir='ltr'><strong>in</strong></span> <span class='ocrx_word' id='word_1_164' title='bbox 272 2739 318 2794; x_wconf 93' lang='lat' dir='ltr'><strong>his</strong></span> <span class='ocrx_word' id='word_1_165' title='bbox 340 2739 513 2812; x_wconf 87' lang='lat' dir='ltr'><strong>plerumque</strong></span> <span class='ocrx_word' id='word_1_166' title='bbox 538 2735 650 2810; x_wconf 90' lang='lat' dir='ltr'><strong>aliquid</strong></span> <span class='ocrx_word' id='word_1_167' title='bbox 677 2739 787 2809; x_wconf 89' lang='lat' dir='ltr'><strong>peccet.</strong></span> <span class='ocrx_word' id='word_1_168' title='bbox 838 2735 914 2791; x_wconf 87' lang='lat' dir='ltr'><strong>Mihi</strong></span> <span class='ocrx_word' id='word_1_169' title='bbox 936 2735 966 2791; x_wconf 88' lang='lat' dir='ltr'><strong>iu</strong></span> 
     </span>
     <span class='ocr_line' id='line_1_25' title="bbox 114 2837 964 2914; baseline -0.004 -16"><span class='ocrx_word' id='word_1_170' title='bbox 114 2850 243 2900; x_wconf 90' lang='lat' dir='ltr'><strong>montem</strong></span> <span class='ocrx_word' id='word_1_171' title='bbox 256 2841 339 2899; x_wconf 84' lang='lat' dir='ltr'><strong>venit</strong></span> <span class='ocrx_word' id='word_1_172' title='bbox 352 2841 406 2897; x_wconf 78' lang='lat' dir='ltr'><strong>Ille</strong></span> <span class='ocrx_word' id='word_1_173' title='bbox 427 2845 453 2896; x_wconf 82' lang='lat' dir='ltr'><strong>ct</strong></span> <span class='ocrx_word' id='word_1_174' title='bbox 472 2838 595 2914; x_wconf 65' lang='lat' dir='ltr'><strong>Phyllei,</strong></span> <span class='ocrx_word' id='word_1_175' title='bbox 617 2839 723 2895; x_wconf 85' lang='lat' dir='ltr'><strong>collato</strong></span> <span class='ocrx_word' id='word_1_176' title='bbox 746 2837 798 2893; x_wconf 90' lang='lat' dir='ltr'><strong>illo</strong></span> <span class='ocrx_word' id='word_1_177' title='bbox 815 2843 833 2868; x_wconf 89' lang='lat'>“</span> <span class='ocrx_word' id='word_1_178' title='bbox 846 2839 964 2896; x_wconf 83' lang='lat' dir='ltr'><strong>Maena-</strong></span> 
     </span>
     <span class='ocr_line' id='line_1_26' title="bbox 113 2935 960 3014; baseline -0.001 -18"><span class='ocrx_word' id='word_1_179' title='bbox 113 2941 153 2997; x_wconf 85' lang='lat' dir='ltr'><strong>lio</strong></span> <span class='ocrx_word' id='word_1_180' title='bbox 176 2940 268 2998; x_wconf 87' lang='lat' dir='ltr'><strong>iacuit</strong></span> <span class='ocrx_word' id='word_1_181' title='bbox 291 2940 394 3014; x_wconf 87' lang='lat' dir='ltr'><strong>pulsus</strong></span> <span class='ocrx_word' id='word_1_182' title='bbox 416 2939 474 2996; x_wconf 81' lang='lat' dir='ltr'><strong>tria</strong></span> <span class='ocrx_word' id='word_1_183' title='bbox 497 2942 629 3012; x_wconf 87' lang='lat' dir='ltr'><strong>tempora</strong></span> <span class='ocrx_word' id='word_1_184' title='bbox 656 2935 767 3006; x_wconf 87' lang='lat' dir='ltr'><strong>ramo,&#39;&#39;</strong></span> <span class='ocrx_word' id='word_1_185' title='bbox 798 2943 825 2992; x_wconf 88' lang='lat'><strong>4.</strong></span> <span class='ocrx_word' id='word_1_186' title='bbox 856 2942 882 2993; x_wconf 88' lang='lat'><strong>9.</strong></span> <span class='ocrx_word' id='word_1_187' title='bbox 916 2944 960 2995; x_wconf 80' lang='grc'><strong>15.</strong></span> 
     </span>
     <span class='ocr_line' id='line_1_27' title="bbox 111 3034 960 3115; baseline -0.004 -20"><span class='ocrx_word' id='word_1_188' title='bbox 111 3039 233 3115; x_wconf 89' lang='lat' dir='ltr'><strong>Phyllos</strong></span> <span class='ocrx_word' id='word_1_189' title='bbox 243 3038 384 3096; x_wconf 87' lang='lat' dir='ltr'><strong>Arcadiae</strong></span> <span class='ocrx_word' id='word_1_190' title='bbox 396 3039 476 3110; x_wconf 88' lang='lat' dir='ltr'><strong>regio</strong></span> <span class='ocrx_word' id='word_1_191' title='bbox 489 3036 558 3094; x_wconf 83' lang='lat' dir='ltr'><strong>iuit.</strong></span> <span class='ocrx_word' id='word_1_192' title='bbox 601 3035 645 3092; x_wconf 76' lang='lat' dir='ltr'><strong>ef.</strong></span> <span class='ocrx_word' id='word_1_193' title='bbox 663 3037 738 3092; x_wconf 78' lang='lat' dir='ltr'><strong>Stat.</strong></span> <span class='ocrx_word' id='word_1_194' title='bbox 754 3034 844 3090; x_wconf 86' lang='lat' dir='ltr'><strong>Theb.</strong></span> <span class='ocrx_word' id='word_1_195' title='bbox 867 3042 893 3091; x_wconf 81' lang='lat'><strong>4.</strong></span> <span class='ocrx_word' id='word_1_196' title='bbox 911 3041 960 3092; x_wconf 74' lang='lat'><strong>45.</strong></span> 
     </span>
     <span class='ocr_line' id='line_1_28' title="bbox 113 3135 757 3213; baseline -0.012 -17"><span class='ocrx_word' id='word_1_197' title='bbox 113 3139 333 3213; x_wconf 80' lang='lat' dir='ltr'><strong>Qualecumque</strong></span> <span class='ocrx_word' id='word_1_198' title='bbox 347 3139 401 3194; x_wconf 89' lang='lat' dir='ltr'><strong>hoc</strong></span> <span class='ocrx_word' id='word_1_199' title='bbox 415 3136 639 3212; x_wconf 77' lang='lat' dir='ltr'><strong>praeoccupavit</strong></span> <span class='ocrx_word' id='word_1_200' title='bbox 653 3135 757 3190; x_wconf 81' lang='lat' dir='ltr'><strong>Hertz,</strong></span> 
     </span>
    </p>

    <p class='ocr_par' dir='ltr' id='par_1_6' title="bbox 153 3239 379 3296">
     <span class='ocr_line' id='line_1_29' title="bbox 153 3239 379 3296; baseline -0.004 0"><span class='ocrx_word' id='word_1_201' title='bbox 153 3245 178 3296; x_wconf 96' lang='grc'><strong>1.</strong></span> <span class='ocrx_word' id='word_1_202' title='bbox 202 3244 249 3296; x_wconf 81' lang='grc'><strong>22.</strong></span> <span class='ocrx_word' id='word_1_203' title='bbox 270 3258 328 3295; x_wconf 83' lang='lat' dir='ltr'><strong>mea</strong></span> <span class='ocrx_word' id='word_1_204' title='bbox 341 3239 379 3295; x_wconf 89' lang='lat' dir='ltr'><strong>N.</strong></span> 
     </span>
    </p>

    <p class='ocr_par' dir='ltr' id='par_1_7' title="bbox 153 3333 960 3413">
     <span class='ocr_line' id='line_1_30' title="bbox 153 3333 960 3413; baseline -0.002 -19"><span class='ocrx_word' id='word_1_205' title='bbox 153 3343 178 3394; x_wconf 96' lang='grc'><strong>1.</strong></span> <span class='ocrx_word' id='word_1_206' title='bbox 202 3338 420 3413; x_wconf 70' lang='lat' dir='ltr'><strong>24ecytlcolo&#39;ais</strong></span> <span class='ocrx_word' id='word_1_207' title='bbox 437 3336 466 3394; x_wconf 87' lang='lat' dir='ltr'>N</span> <span class='ocrx_word' id='word_1_208' title='bbox 479 3355 536 3391; x_wconf 87' lang='lat' dir='ltr'><strong>ma.</strong></span> <span class='ocrx_word' id='word_1_209' title='bbox 556 3354 611 3409; x_wconf 65' lang='lat' dir='ltr'><strong>pr„</strong></span> <span class='ocrx_word' id='word_1_210' title='bbox 633 3333 771 3408; x_wconf 74' lang='lat' dir='ltr'><strong>cythoc&#39;ac&#39;s</strong></span> <span class='ocrx_word' id='word_1_211' title='bbox 785 3353 824 3388; x_wconf 91' lang='lat' dir='ltr'><strong>m.</strong></span> <span class='ocrx_word' id='word_1_212' title='bbox 840 3353 862 3389; x_wconf 93' lang='lat' dir='ltr'><strong>s.</strong></span> <span class='ocrx_word' id='word_1_213' title='bbox 906 3335 960 3411; x_wconf 65' lang='lat' dir='ltr'><strong>ey-</strong></span> 
     </span>
    </p>

    <p class='ocr_par' dir='ltr' id='par_1_8' title="bbox 512 3436 565 3495">
     <span class='ocr_line' id='line_1_31' title="bbox 512 3436 565 3495; baseline 0.019 -1"><span class='ocrx_word' id='word_1_214' title='bbox 512 3436 565 3495; x_wconf 72' lang='lat' dir='ltr'><strong>ba</strong></span> 
     </span>
    </p>
   </div>
   <div class='ocr_carea' id='block_1_6' title="bbox 0 0 1088 3720">
    <p class='ocr_par' dir='ltr' id='par_1_9' title="bbox 0 0 1088 3720">
     <span class='ocr_line' id='line_1_32' title="bbox 0 0 1088 3720; baseline 0 5"><span class='ocrx_word' id='word_1_215' title='bbox 0 0 1088 3720; x_wconf 95' lang='lat' dir='ltr'><strong> </strong></span> 
     </span>
    </p>
   </div>
  </div>
 </body>
</html>
