2168 3720
324 217 542 277 ruornauu
565 218 625 276 uu.
647 219 693 291 11,
717 224 744 276 a.
925 223 962 276 aa

514 454 555 494 VI.

97 575 172 633 Non
184 575 229 634 ita
242 574 425 650 complebant
438 574 592 651 Ephyreae
606 573 711 632 Laidos
725 575 817 648 aedes,
836 617 840 624 -

145 674 194 734 Ad
207 674 290 732 cuius
303 672 394 732 iacuit
408 673 530 732 Graecia
541 676 606 731 tota
618 672 704 747 iores,

102 772 206 831 Turba
218 772 412 831 Menandreae
425 770 523 831 fuerat
536 790 590 829 nec
604 771 730 829 Thaidos
744 772 813 829 olim

147 871 251 943 Tanta,
265 870 298 929 in
312 889 371 948 qua
383 870 510 948 populus
523 871 597 929 lusit
611 870 830 943 Erichthonius,

104 970 178 1042 Nec,
195 989 270 1048 quae
284 970 394 1028 deletas
407 969 506 1045 potuit
520 987 690 1045 componere
704 969 827 1041 Thebas,
943 976 960 1028 5

146 1068 266 1147 Phryne
278 1073 339 1128 tam
353 1068 456 1128 multis
468 1069 549 1127 iacta
561 1070 648 1127 beata
660 1067 742 1127 viris.

104 1167 187 1232 Quin
200 1168 290 1227 etiam
301 1167 390 1226 falsos
403 1168 491 1242 fingis
503 1167 560 1227 tibi
574 1187 658 1244 saepe
672 1169 859 1246 propinquos,

146 1268 254 1327 Oscula
266 1283 319 1326 nec
333 1268 441 1329 desunt
454 1268 506 1344 qui
519 1266 576 1326 tibi
588 1267 653 1327 iure
666 1267 774 1326 ierant.

104 1367 156 1425 Me
169 1367 310 1425 iuvenum
322 1366 418 1443 pictae
431 1366 529 1438 facies,
546 1387 592 1424 me
605 1367 723 1426 nomina
736 1368 866 1443 laedunt,

145 1467 195 1525 Me
208 1469 293 1524 tener
305 1465 337 1523 in
351 1465 435 1523 cunis
448 1469 479 1524 et
492 1466 554 1524 sine
568 1486 638 1525 vooe
651 1486 741 1542 puer:
924 1472 959 1526 lo

104 1566 156 1624 Me
169 1566 271 1637 laedit,
288 1565 313 1623 si
326 1565 420 1624 multa
433 1565 489 1624 tibi
503 1565 584 1624 dedit
598 1566 696 1625 oscula
709 1571 810 1639 mater,

144 1665 195 1724 Me
209 1683 289 1724 soror
302 1668 333 1724 et
346 1684 412 1722 cum
426 1683 485 1741 qua
498 1664 606 1722 dormit
619 1665 724 1723 amicta
738 1665 843 1724 simul:

105 1763 211 1822 Omnia
218 1783 264 1822 me
272 1762 392 1822 laedunt
402 1762 572 1821 z-timidus
582 1783 658 1821 sum:
675 1764 792 1838 ignosco
801 1765 900 1822 timori
910 1787 960 1822 :—

144 1863 184 1922 Et
197 1863 284 1922 miser
296 1863 329 1922 in
342 1862 444 1922 tunica
457 1863 586 1938 suspicor
599 1882 660 1920 esse
673 1862 779 1920 rhum.

104 1961 249 2034 Hisolim,
257 1962 375 2023 utfama
385 1966 439 2034 est,
449 1961 823 2036 vitiisadpraeliavontum
833 1965 891 2019 est:
924 1967 958 2019 15

142 2062 200 2122 His
212 2061 338 2121 Troiana
349 2061 432 2122 vides
443 2061 549 2120 funera
561 2060 721 2136 principiis.

103 2161 216 2236 Aspera
229 2161 390 2220 Centauros
404 2161 504 2219 eadem
517 2160 664 2218 dementia
677 2159 765 2218 iussit

144 2261 293 2335 Frangere
306 2260 339 2318 in
352 2261 506 2319 adversum
519 2259 625 2335 pocula
639 2257 813 2316 Pirithoum.

104 2358 165 2416 Cur
178 2360 313 2435 exempla
325 2362 425 2435 petam
437 2357 582 2417 Graium?
603 2361 637 2416 tu
652 2355 781 2414 ciiminis
794 2359 903 2428 auctor,

144 2456 284 2515 Nutritus
297 2457 392 2527 durae,
408 2456 542 2528 Romule,
557 2457 634 2514 lacte
648 2456 744 2531 lupae.
921 2461 958 2513 20

104 2559 150 2616 'lu
163 2577 265 2633 rapere
278 2558 404 2617 intactas
417 2557 542 2616 docuisti
555 2558 675 2633 impune
690 2554 829 2615 Sabinas:

144 2657 200 2716 Per
213 2660 244 2716 te
257 2676 336 2715 nnnc
350 2649 461 2716 Romae'
473 2656 619 2734 quidlibet
633 2655 722 2712 audet
736 2655 835 2712 Amor.

103 2754 192 2813 Felix
205 2755 323 2815 Admeti
337 2756 467 2815 coniunx
481 2760 511 2815 et
524 2756 619 2814 lectus
632 2755 740 2827 Ulixis,

143 2853 183 2912 Et
197 2873 398 2931 quaecumque
411 2853 467 2913 uiri
481 2853 594 2913 lomina
606 2853 698 2911 limen
712 2855 799 2911 amat.

102 2951 224 3029 Templa
236 2952 398 3012 Pudicitiae
413 2953 484 3031 quid
498 2973 570 3029 opus
584 2951 720 3011 statuisse
734 2948 849 3027 puellis,
921 2954 957 3006 25

143 3050 175 3110 si
188 3050 281 3110 cnivis
294 3055 404 3127 nuptae
418 3051 564 3129 quidlibet
576 3070 638 3109 esse
651 3048 743 3107 lieet?

104 3149 186 3215 Quae
199 3170 303 3210 manus
316 3153 473 3210 obscaenas
486 3149 623 3227 depinxit
636 3147 732 3224 prima
745 3146 868 3205 tabellas

144 3249 184 3308 Et
197 3249 296 3326 posuit
310 3253 390 3308 casta
402 3250 502 3325 turpia
514 3249 578 3307 visa
591 3248 682 3319 domo,

105 3348 164 3408 Illa
178 3348 343 3426 puellarum
357 3348 498 3424 ingenuos
513 3347 643 3424 corrupit
657 3345 770 3416 ocellos,

500 3469 515 3507 u
