2168 3720
307 221 525 280 rnoraarrr
545 222 604 279 uu.
627 223 653 297 1,
673 227 699 280 a.
716 228 743 279 4.
943 226 960 276 a

110 381 248 459 Namque
262 380 314 439 ubi
326 380 415 454 longa
427 399 508 438 meae
521 380 701 455 consumpsti
714 384 845 455 tempora
857 378 959 449 noctis,

150 479 321 554 Languidus
335 477 455 553 exactis,
471 479 499 536 ei
511 479 593 550 mihi,
611 478 774 537 sideribus?

87 623 90 630 ,
109 582 137 638 0
150 579 265 638 utinam
277 578 352 636 tales
365 578 513 653 producas,
528 577 658 653 inprobe,
673 581 782 646 noctes,

151 679 201 736 Me
213 677 348 736 miseram
362 676 463 753 quales
476 695 589 752 semper
601 677 708 734 habero
720 675 803 734 iubes
815 676 822 734 !
924 680 961 730 40

110 777 188 836 Nam
200 778 284 836 modo
296 795 442 853 purpureo
454 775 592 836 fallebam
605 774 728 833 stamine
742 793 881 844 somnum,

151 876 264 935 Rursus
277 879 308 934 et
321 876 453 951 Orpheae
466 873 601 947 carmine,
614 872 700 944 fessa,
715 872 816 948 lyrae:

110 977 268 1034 Interdum
280 975 386 1035 leviter
398 993 512 1033 mecum
524 974 640 1031 deserta
652 973 795 1049 querebar

151 1075 284 1133 Externo
296 1075 398 1147 longas
411 1092 495 1150 saepe
508 1072 540 1130 in
553 1091 649 1130 amore
662 1089 764 1140 moras,

111 1174 194 1231 Dum
205 1192 252 1230 me
265 1171 400 1230 iucundis
412 1172 523 1248 lapsam
537 1190 621 1247 sopor
633 1170 744 1246 inpulit
757 1170 820 1227 aiis.
924 1174 960 1224 45

152 1272 214 1330 Illa
225 1270 286 1329 iuit
298 1269 426 1356 lacrimis
439 1269 546 1328 ultima
560 1289 629 1329 cura
641 1269 743 1327 meis.”

518 1420 557 1464 Π.
631 1417 649 1434 .,

114 1502 195 1568 Quid
206 1503 281 1560 mihi
293 1504 355 1561 tam
367 1502 476 1560 multas
488 1502 644 1574 laudando,
659 1501 758 1573 Basse,
773 1501 887 1577 puellas

153 1602 305 1661 Mutatum
318 1601 435 1658 domina
448 1599 526 1674 cogis
540 1599 618 1658 abire
632 1600 720 1658 mea?

114 1701 195 1765 Quid
207 1720 253 1759 me
266 1720 326 1759 non
338 1699 447 1775 pateris
459 1699 538 1757 vitae
552 1698 755 1776 quodcumque
768 1693 908 1776 sequetur

155 1798 221 1858 Hoc
233 1799 326 1873 magis
340 1801 454 1857 assueto
468 1799 574 1856 ducere
588 1797 730 1856 servitio?

115 1899 161 1957 'l'u
174 1898 245 1976 licet
257 1899 403 1976 Antiopae
415 1898 538 1956 formam
551 1899 711 1975 Nycteidos
724 1901 754 1957 et
767 1903 802 1956 tu
948 1903 964 1952 5

156 1997 314 2074 Spartanae
326 1997 435 2056 referas
447 1997 585 2056 laudibus
597 1997 783 2068 Hermionae,

116 2098 157 2155 Et
170 2116 367 2174 quascumque
379 2096 453 2155 tulit
464 2097 583 2154 formosi
595 2096 734 2172 temporis
748 2099 826 2153 aetas
838 2117 845 2151 ε

156 2197 284 2274 Cynthia
296 2217 355 2255 non
367 2196 435 2255 illas
446 2215 553 2255 nomen
566 2197 672 2254 habere
687 2195 781 2253 sinat:

116 2295 241 2367 Nedum,
257 2295 282 2354 si
294 2295 408 2354 levibus
420 2293 513 2353 fuerit
526 2296 632 2352 collata
644 2293 755 2368 figuris,

155 2393 282 2452 Inferior
294 2394 366 2452 duro
379 2393 475 2453 iudice
487 2394 583 2470 turpis
596 2397 652 2452 eat.
932 2397 966 2448 10

116 2492 199 2576 Haec
213 2493 263 2550 sed
275 2491 368 2550 forma
381 2492 439 2552 mei
451 2511 519 2569 pars
532 2495 577 2552 est
591 2495 723 2551 extrema
735 2491 862 2551 fauoris:

157 2591 235 2650 Sunt
247 2592 364 2665 maiora,
380 2593 497 2670 quibus,
512 2593 611 2665 Basse,
626 2592 721 2669 perire
734 2592 827 2664 iuvat,

117 2691 270 2765 Ingenuus
284 2693 362 2750 color
375 2695 406 2751 et
418 2692 520 2750 multis
533 2691 622 2750 decus
635 2691 746 2750 artibus
760 2694 790 2749 et
804 2709 878 2767 quae

157 2789 271 2848 Gaudia
284 2793 337 2849 sub
350 2792 442 2851 tacita
454 2792 559 2851 ducere
572 2795 655 2852 veste
668 2791 743 2850 libet
756 2812 763 2848 :

118 2888 183 2952 Quo
195 2889 288 2964 magis
301 2894 332 2949 ct
343 2894 458 2950 nostros
472 2891 622 2950 contendis
636 2891 747 2949 solvere
761 2873 886 2959 amores,
931 2891 965 2944 15

156 2987 223 3046 Hoc
235 2988 329 3064 magis
342 2991 461 3066 accepta
473 2990 553 3049 fallit
565 2994 691 3066 uterque
704 2990 770 3047 fide.

117 3086 146 3144 N
148 3105 185 3144 on
197 3087 316 3164 impunc
328 3088 413 3147 feres.
428 3088 501 3148 sciet
512 3091 583 3147 haec
596 3088 698 3148 insana
709 3088 817 3164 puella,

157 3185 198 3244 Et
209 3186 265 3246 tibi
278 3206 338 3245 non
350 3187 448 3246 tacitis
461 3188 580 3247 vocibus
592 3187 686 3247 hostis
698 3187 771 3246 erit:

118 3284 181 3344 Nec
193 3286 250 3346 tibi
262 3307 309 3346 me
321 3290 388 3363 post
400 3288 472 3345 haec
486 3287 649 3345 committet
662 3285 798 3363 Cynthia,
813 3305 867 3344 uec
880 3288 910 3343 te

159 3384 305 3449 Quaeret:
328 3386 385 3446 crit
396 3385 473 3445 tanti
487 3383 617 3445 criminis
628 3385 684 3445 iila
693 3403 818 3458 memor,
934 3386 976 3439 ‘tn
