2168 3720
93 215 130 267 88
288 207 507 269 ΡΒΟΡΕΒΤΠ
526 208 588 267 EL.
609 208 673 281 ΙΠ,
697 212 744 268 11.

93 365 279 443 criminaque
292 365 393 441 ignari
406 366 511 443 eapitis
523 366 598 424 mihi
609 365 709 442 turpia
720 366 819 440 fingis,

133 465 218 529 Quod
230 485 375 542 nequeam
386 465 481 524 fracto
495 485 630 542 rumpere
642 465 741 524 vinela
752 465 846 541 iugo?

92 565 210 623 Iactum
223 565 328 622 melius
341 564 489 640 praesagit
501 564 603 623 navita
614 567 747 636 mortem,
937 572 956 622 5

132 663 313 721 Vulneribus
325 663 429 721 didicit
440 663 526 722 miles
538 643 645 722 hahere
657 666 778 722 metum.

95 764 158 821 Ista
171 782 225 837 ego
237 762 396 839 praeterita
407 762 516 821 iactavi
528 765 617 822 verba
629 763 768 822 iuventa:

133 861 180 920 Tu
192 881 272 920 nuno
285 861 420 937 exemplo
432 862 511 920 disee
523 861 628 920 timere
641 881 714 920 meo.

95 960 211 1019 Colchis
223 960 374 1035 damantis
387 961 573 1020 adamantina
586 962 640 1019 sub
653 960 724 1034 iuga
735 962 837 1019 tauros

135 1059 207 1133 Egit
220 1063 251 1118 et
263 1058 405 1133 armigera
417 1059 528 1135 praelia
541 1059 618 1118 serit
629 1060 728 1130 humo,
917 1065 954 1118 10

96 1159 288 1235 eustodisque
300 1158 379 1216 feros
391 1158 498 1217 elausit
510 1158 654 1234 serpentis
666 1158 775 1229 hiatus,

135 1258 200 1316 Iret
212 1261 248 1316 ut
260 1257 400 1315 Aesonias
412 1277 501 1316 aurea
512 1258 581 1316 lana
594 1258 702 1316 domos.

96 1358 178 1414 Ausa
189 1356 274 1415 ferox
287 1357 324 1416 ab
337 1375 412 1432 equo
426 1357 571 1432 quondam
585 1357 752 1432 obpugnare
766 1356 885 1432 sagittis

134 1455 258 1513 Maeotis
270 1454 406 1512 Danaum
418 1454 604 1513 Penthesilea
616 1458 710 1527 rates3

96 1553 196 1610 Aurea
209 1553 257 1611 oui
269 1556 425 1629 postquam
436 1552 561 1611 nudavit
573 1552 684 1611 cassida
694 1553 832 1626 frontem,
916 1560 951 1612 15

135 1651 217 1709 Vicit
229 1652 370 1710 tiatorem
383 1651 504 1710 eandida
516 1651 610 1709 forma
622 1652 729 1710 virum.

95 1749 230 1808 Iardanis
243 1750 275 1808 in
287 1753 405 1809 tantum
417 1749 527 1808 formae
539 1751 680 1825 prooessit
691 1752 841 1823 honorem,

135 1849 231 1926 Lydia
243 1849 362 1926 Gygaeo
374 1848 469 1907 tincta
480 1849 581 1924 puella
592 1850 669 1922 laon,

97 1950 148 2021 Ut,
164 1949 217 2026 qui
229 1954 331 2026 pacato
346 1949 497 2008 statuisset
508 1948 541 2006 in
555 1950 623 2007 orbe
637 1949 794 2022 oolumnas,

137 2048 209 2106 Tam
222 2049 296 2107 dura
307 2049 439 2107 traheret
452 2046 552 2105 mollia
564 2067 654 2124 pensa
667 2067 765 2107 manu.
914 2054 952 2107 2⁰

96 2149 251 2207 Persarum
265 2148 369 2207 statuit
381 2148 533 2225 Babylona
547 2146 712 2206 Semiramis
725 2148 837 2222 urbem,

136 2248 179 2307 Ut
193 2248 316 2306 solidum
330 2250 411 2305 oooto
424 2246 542 2304 tolleret
555 2265 659 2320 aggere
673 2264 755 2321 opus,

97 2347 137 2405 Et
150 2347 208 2405 duo
221 2347 254 2405 iu
267 2347 420 2405 adversum
432 2345 510 2403 mitti
522 2365 575 2421 per
586 2344 701 2403 moenia
714 2363 817 2403 currus

135 2444 197 2503 Neo
210 2449 329 2520 possent
341 2448 420 2503 tacto
434 2443 577 2519 stringere
590 2444 627 2501 ab
640 2463 696 2502 axe
709 2443 797 2515 latus,

95 2542 193 2601 Duxit
202 2546 232 2601 et
242 2543 423 2618 Euphratem
432 2544 569 2614 medium,
580 2563 640 2620 qua
648 2542 778 2601 condidit
788 2561 878 2615 arses,
913 2549 951 2601 25

135 2641 228 2700 Iussit
241 2645 272 2700 et
284 2641 405 2716 imperio
420 2664 537 2719 surgere
550 2643 658 2702 Baotra
671 2645 768 2718 eaput.

95 2741 172 2799 Nam
186 2741 259 2817 quid
272 2760 324 2816 ego
337 2742 448 2813 heroas,
459 2743 531 2819 quid
544 2745 656 2818 raptem
668 2740 831 2799 incrimine
844 2738 953 2799 divos?

134 2840 270 2916 Iuppiter
283 2839 406 2900 infamat
420 2861 508 2918 seque
522 2861 663 2918 suamque
675 2839 802 2898 domum.

96 2938 182 3011 Quid,
199 2940 282 2998 modo
296 2960 370 3017 quae
384 2941 491 2998 nostris
504 2940 656 3016 opprobria
668 2937 894 3011 versentanum,
1009 2968 1012 2975 ·

134 3039 175 3097 Et
187 3038 312 3097 famulos
325 3039 402 3098 inter
415 3039 524 3097 femina
536 3039 609 3097 trita
622 3037 711 3097 suos?
912 3044 950 3097 30

96 3138 235 3213 Coniugii
246 3140 379 3198 obseaeni
392 3138 520 3215 pretium
533 3138 663 3198 Romana
676 3137 807 3214 poposcit

134 3237 251 3296 Moenia
264 3242 295 3297 et
308 3238 437 3296 addictos
450 3237 483 3294 in
497 3256 549 3294 sua
562 3257 652 3311 regua
664 3240 772 3312 patres.

94 3335 192 3394 Noxia
204 3336 394 3410 Alexandria,
409 3336 484 3396 dolis
498 3335 647 3412 aptissima
660 3335 760 3408 tellus,
