2168 3720
137 223 174 276 aa
345 217 563 278 raornnnn
584 218 644 276 nn.
660 219 723 291 111,
747 184 780 278 7ss

174 377 239 435 Ista
250 395 303 452 per
316 376 458 434 humanas
470 395 548 434 mors
561 376 645 435 venit
658 379 724 435 acta
736 396 849 435 manus.
949 383 984 434 30

135 477 224 535 Terra
235 495 340 551 parum
352 475 452 534 iuerat
465 496 473 533 ε
495 474 565 534 fatis
579 475 738 534 adiecimus
750 476 854 548 undas,

171 575 318 633 Fortunae
331 572 452 633 miseras
465 573 603 632 auximus
618 576 680 633 unte
694 574 767 633 vias.

131 674 245 732 Ancora
258 677 288 732 te
302 676 410 745 teneat,
426 693 514 750 quem
527 692 587 730 non
599 676 721 732 tenuere
735 672 886 732 Penates?

170 771 248 837 Quid
260 772 399 831 meritum
412 772 499 844 dicas,
515 771 564 830 cui
577 791 630 830 sua
642 775 723 830 terra
734 790 840 847 parum
854 772 924 830 est?

129 871 292 930 Ventorum
301 874 353 943 est,
362 871 565 948 quodcumque
570 889 668 946 paras:
682 870 757 929 haut
765 869 936 929 ullacan'na
946 875 979 928 35

170 970 336 1042 consenuit,
351 968 432 1027 fallit
446 972 549 1045 portus
563 969 669 1044 etipse
683 969 781 1027 fidem.

130 1069 244 1129 Natura
257 1068 397 1127 insidians
409 1071 533 1144 pontum
547 1067 709 1126 substravit
723 1067 836 1126 avaris:

168 1169 211 1229 Ut
223 1168 279 1228 tibi
293 1167 438 1238 succedat,
452 1166 506 1226 vix
520 1167 609 1225 semel
623 1186 684 1225 esse
697 1170 804 1243 potest.

130 1268 205 1326 Saxa
217 1267 409 1343 triumphales
421 1265 534 1340 fregere
548 1264 697 1341 Capherea
710 1285 833 1343 puppes,

167 1365 317 1440 Naufraga
330 1384 397 1424 cum
409 1366 492 1423 vasto
506 1364 626 1423 Graecia
638 1367 733 1423 tracta
746 1366 807 1423 salo
821 1369 886 1424 est:
943 1372 977 1424 40

128 1464 287 1524 Paullatim
301 1463 411 1522 socium
424 1463 567 1521 iacturam
580 1463 665 1522 flevit
678 1463 792 1539 Ulixes,

169 1563 208 1621 In
219 1581 298 1620 mare
312 1560 360 1620 cui
373 1561 464 1619 solum
476 1580 536 1619 non
548 1561 667 1621 valuere
680 1562 749 1621 doli.

129 1661 251 1726 Quodsi
265 1663 418 1719 contentus
431 1659 541 1736 patrico
553 1660 627 1720 bove
640 1663 767 1720 verteret
780 1682 873 1738 agros,

167 1760 321 1837 Verbaque
335 1759 469 1818 duxisset
482 1759 596 1835 pondus
609 1760 715 1819 habere
728 1781 802 1834 mea,

128 1860 249 1919 Viveret
262 1862 330 1918 ante
344 1877 410 1917 suos
424 1859 518 1917 dulcis
532 1859 655 1919 conviva
667 1860 800 1934 Penates,
941 1867 975 1919 45

167 1960 289 2035 Pauper,
306 1961 337 2017 at
350 1957 382 2016 in
395 1961 481 2031 terra,
499 1957 543 2016 nil
556 1959 609 2017 ubi
621 1959 692 2017 flore
705 1963 812 2035 potest.

128 2061 157 2118 N
159 2080 195 2118 on
209 2059 281 2118 tulit
293 2058 341 2117 hic
354 2058 463 2116 Paetus
477 2057 629 2116 stridorem
642 2057 742 2117 audire
756 2059 901 2134 procellae

166 2160 207 2218 Et
219 2159 292 2217 duro
305 2163 419 2216 teneras
433 2157 547 2215 laedere
560 2156 632 2215 fune
644 2176 756 2232 manns,

128 2258 186 2316 Sed
202 2257 300 2333 Thyia
314 2256 442 2315 thalamo
456 2258 508 2313 aut
522 2254 619 2313 Oricia
631 2256 799 2316 terebintho

167 2357 220 2415 no
231 2356 342 2415 fultum
355 2355 456 2431 pluma
468 2353 639 2413 versicolore
654 2359 750 2431 caput.
939 2362 975 2414 50

127 2453 207 2512 Huic
220 2453 328 2511 fluctus
341 2454 409 2510 vivo
422 2452 562 2510 radicitus
576 2453 700 2512 abstulit
713 2473 836 2528 ungues,

166 2551 205 2610 Et
218 2550 319 2608 miseri
330 2550 454 2608 invisam
466 2549 560 2609 traxit
573 2550 671 2609 hiatus
685 2571 809 2629 aquam:

125 2650 215 2708 Hunc
228 2668 317 2725 parvo
330 2647 402 2706 ferri
414 2648 490 2707 vidit
502 2669 561 2707 nox
575 2649 706 2725 improba
718 2650 807 2726 ligno.

164 2748 272 2807 Paetus
285 2752 320 2805 ut
334 2746 483 2822 occideret,
500 2751 545 2806 tot
559 2748 651 2807 coiere
663 2749 749 2807 mala.

125 2848 213 2907 Flens
226 2850 325 2906 tamen
338 2846 476 2905 extremis
490 2846 571 2906 dedit
583 2848 655 2906 haec
668 2849 805 2907 mandata
818 2869 889 2926 quc·
936 2855 973 2907 55

201 2944 292 3017 rellis,

162 3045 236 3103 Cum
249 3044 420 3102 moribunda
432 3043 516 3118 niger
530 3044 678 3103 clauderet
691 3064 740 3104 ora
752 3045 859 3123 liquor.

125 3144 195 3201 “Di
208 3143 296 3201 maris
309 3142 420 3217 Aegaei
433 3162 506 3219 quos
521 3147 590 3202 suut
602 3163 691 3220 penes
705 3163 839 3221 aequora,
856 3145 947 3218 venti,

161 3241 202 3300 Et
215 3259 415 3319 quaecumque
428 3259 525 3298 meum
539 3241 677 3316 degravat
690 3243 770 3300 unda
784 3246 880 3318 caput,

34 3354 81 3488 Ι
123 3339 187 3404 Quo
200 3339 302 3419 rapitis
315 3338 433 3398 miseros
446 3337 556 3415 primae
569 3339 717 3416 lanuginis
731 3341 845 3400 annos?
