2168 3720
266 216 483 280 rsornnrn
504 216 563 273 nu.
579 215 605 288 1,
626 220 669 273 ro.
686 219 733 272 20.
887 218 924 271 sa

70 381 178 450 Quare,
194 379 264 438 dum
277 379 357 447 lieet,
372 376 515 434 internos
528 375 671 432 laetemur
685 377 832 432 amantes:
887 377 923 429 25

111 478 179 537 Non
193 477 263 536 satis
277 479 322 536 est
335 476 397 535 ullo
410 479 540 550 tempore
553 473 657 546 longus
672 492 759 531 amor.

473 671 522 709 11.

71 774 140 832 Hoc
152 794 205 850 pro
220 773 356 832 continuo
370 775 409 843 te,
426 771 518 842 Galle,
533 788 683 828 monemus
696 787 799 840 amore,

114 872 152 930 Id
163 871 219 931 tibi
231 891 268 931 ne
282 889 373 931 vaouo
387 869 496 928 defluat
510 888 548 926 ex
562 867 675 926 animo:

75 978 95 1005 ‘¹
112 972 204 1049 Saepe
216 971 386 1049 inprudenti
398 971 517 1028 fortuna
530 967 657 1027 ooourrit
670 967 810 1026 amanti.”

116 1071 248 1130 Crudelis
260 1069 371 1149 Minyis
384 1069 493 1128 dixerit
506 1067 658 1126 Ascanius.

73 1172 130 1229 Est
141 1170 198 1230 tibi
210 1190 269 1229 non
281 1169 358 1228 inira
372 1168 504 1246 speeiem,
519 1187 579 1226 non
591 1165 707 1225 nomine
721 1166 827 1242 dispar,
909 1171 925 1222 5

115 1270 342 1329 Thiodamanteo
354 1269 505 1346 proximus
519 1269 603 1326 ardor
616 1267 733 1344 Hylae:

74 1370 159 1428 Huic
171 1373 215 1441 tu,
232 1369 293 1429 sive
305 1369 385 1443 leges
398 1370 550 1426 umbrosae
563 1364 685 1424 flumina
698 1365 797 1438 silvae,

117 1469 186 1528 Sive
199 1469 314 1528 Aniena
326 1470 394 1526 tuos
406 1465 532 1525 tinxerit
544 1466 624 1522 unda
636 1465 732 1540 pedes,

76 1567 146 1627 Sive
160 1567 304 1642 Gigantea
317 1566 479 1643 spatiabere
493 1564 589 1624 litoris
602 1583 660 1636 ora,

16 1707 19 1711 -
117 1665 185 1725 Sive
198 1665 374 1742 ubicumque
387 1684 461 1739 vago
473 1663 603 1722 fluminis
616 1661 751 1739 hospitio,
891 1667 925 1719 10

75 1764 281 1843 Nympharum
295 1783 407 1840 semper
420 1762 539 1838 cupidas
552 1761 674 1821 defende
687 1761 812 1838 rapinas,

117 1864 185 1923 Non
198 1863 292 1923 minor
304 1862 443 1922 Ausoniis
457 1865 501 1921 est
514 1880 594 1919 amor
606 1861 759 1936 Adryasin.

77 1962 125 2022 Ne
136 1962 193 2022 tibi
206 1961 253 2035 sit,
269 1961 380 2033 durum,
392 1963 506 2019 montes
520 1962 550 2018 et
562 1958 670 2034 frigida
683 1978 762 2031 saxa,

118 2061 211 2134 Galle,
226 2080 323 2137 neque
336 2063 472 2136 expertos
485 2078 597 2134 semper
609 2057 688 2117 adire
701 2059 790 2128 lasus,

79 2160 162 2227 Quae
174 2159 262 2219 miser
274 2159 383 2234 ignotis
395 2179 475 2218 error
486 2178 639 2235 perpessus
651 2158 684 2216 in
696 2156 754 2215 oris
893 2159 928 2214 15

118 2257 257 2318 Herculis
269 2257 410 2317 indomito
422 2257 544 2317 fleverat
556 2255 690 2314 Asoanio.

80 2357 215 2434 Namque
226 2355 328 2416 ferunt
340 2355 411 2415 olim
422 2357 551 2431 Pagasae
564 2352 718 2413 navalibus
732 2353 831 2427 Argon

119 2457 274 2531 Egressum
286 2455 373 2529 longe
384 2454 524 2513 Phasidos
536 2453 593 2512 isse
606 2452 692 2525 viam,

80 2555 121 2613 Et
134 2555 193 2613 iam
205 2553 369 2630 praeteritis
381 2554 529 2612 labentem
542 2551 766 2611 Athamantidos
779 2552 866 2610 undis

120 2653 272 2732 Mysorum
284 2652 410 2729 seopulis
423 2650 595 2728 adplicuisse
607 2654 709 2710 ratem.
891 2654 928 2707 20

81 2751 142 2810 Hie
154 2771 258 2811 manus
269 2752 398 2824 heroum,
413 2748 536 2827 placidis
548 2753 584 2808 ut
597 2749 728 2809 constitit
742 2749 808 2821 oris,

122 2850 226 2910 Mollia
239 2849 396 2926 composita
408 2849 496 2909 litora
507 2848 609 2907 fronde
621 2847 706 2923 tegit.

82 2950 126 3008 At
138 2968 233 3008 eomes
244 2947 349 3008 invicti
360 2947 476 3007 iuvenis
488 2948 666 3023 processerat
677 2946 758 3005 ultra

122 3049 229 3107 Raram
243 3047 361 3125 sepositi
374 3065 513 3124 quaerere
525 3045 616 3104 fontis
629 3064 744 3121 aquam,

81 3148 173 3206 Hune
185 3147 243 3206 duo
256 3145 359 3206 sectati
370 3145 484 3219 iratres,
498 3143 659 3221 Aquilonia
671 3142 775 3218 proles,
893 3146 929 3199 25

123 3246 213 3305 Hune
226 3265 313 3323 super
326 3249 356 3305 et
365 3245 459 3318 Zetes,
474 3245 554 3302 huno
567 3245 697 3319 superet
710 3240 813 3312 Calais,

83 3345 192 3406 Osenls
204 3343 351 3424 suspensis
363 3344 513 3405 instabant
525 3359 640 3417 carpere
653 3337 764 3416 palmis,
