2168 3720
250 188 468 247 PROPERTII
489 188 549 247 EL.
572 189 635 263 ΙΙΙ,
661 193 706 249 16.
731 190 776 249 17.
908 190 945 248 97

92 343 234 421 Quisquis
247 350 358 404 amator
371 346 439 418 erit,
459 346 605 424 Scythicis
617 346 688 406 lieet
704 348 835 407 ambulet
848 347 922 406 oris:

132 444 225 502 Nemo
239 445 318 517 adeo,
333 448 370 503 ut
382 448 494 518 noceat,
509 446 650 503 barbarus
664 465 725 504 esse
738 447 827 522 volet.

92 545 179 604 Luna
191 545 341 606 ministrat
352 546 418 618 iter,
434 547 636 605 demonstrant
650 550 728 605 astra
741 547 877 620 salebras,
909 552 944 605 15

129 648 199 723 Ipse
213 649 302 706 Amor
316 667 449 707 aooenses
462 648 593 724 pereutit
608 652 676 707 ante
691 648 781 722 laces,

93 747 188 806 Saeva
200 766 304 806 eanum
317 747 411 806 rabies
424 767 537 806 morsus
553 747 661 807 avertit
673 747 801 808 hiantis:

132 846 213 905 Huio
227 846 326 922 generi
339 847 443 924 quovis
455 850 586 923 temporo
599 849 666 906 tuta
678 845 728 904 via
741 849 795 905 est.

94 945 243 1020 Sanguine
256 949 317 1004 tam
328 965 419 1022 parvo
433 946 500 1022 quis
513 945 593 1004 enim
606 948 761 1021 spargatur
774 945 899 1004 amantis

134 1043 315 1120 Improbus?
335 1044 463 1104 exclusis
475 1044 512 1102 fit
525 1062 619 1102 eomes
631 1043 696 1119 ipsa
708 1043 817 1101 Venus.
908 1048 945 1102 20

95 1142 181 1208 Quod
194 1143 220 1200 si
233 1147 312 1202 certa
324 1163 403 1201 meos
417 1147 610 1220 sequerentur
622 1141 728 1200 funera
741 1161 832 1213 casus,

134 1242 214 1300 Talis
227 1262 304 1301 mors
317 1243 412 1319 pretio
426 1243 474 1302 vel
489 1241 528 1300 sit
541 1241 663 1300 emenda
676 1240 760 1299 mihi.

94 1340 209 1400 Afferet
221 1342 290 1400 haee
303 1345 455 1417 unguente
467 1341 541 1399 mihi
555 1340 699 1416 sertisque
713 1340 879 1416 sepulerum

135 1425 259 1499 Ornabit
272 1443 369 1500 eustos
382 1441 419 1499 ad
432 1460 496 1499 mea
508 1442 597 1498 busta
611 1439 722 1497 sedens.

95 1537 135 1595 Di
147 1537 266 1610 faciant,
282 1558 396 1597 meane
409 1543 488 1598 terra
500 1540 578 1597 locet
591 1558 655 1596 osea
667 1537 826 1615 frequenti,
908 1542 945 1595 25

136 1635 202 1702 Qua
214 1635 287 1695 fucit
299 1637 414 1696 assiduo
428 1637 547 1696 tramite
560 1637 668 1711 vulgus
680 1636 747 1695 iter.

96 1737 167 1796 Post
179 1741 302 1796 mortem
314 1737 424 1796 tumuli
438 1737 479 1797 sio
491 1737 675 1796 infamantur
688 1738 845 1796 amantum.

134 1836 184 1894 Me
197 1838 280 1910 tegat
293 1837 412 1894 arborea
425 1833 510 1894 devia
521 1837 602 1893 terra
615 1854 704 1908 coma,

95 1936 159 1994 Aut
171 1935 276 1993 humer
287 1933 404 2010 ignotae
417 1935 552 1993 cumulus
564 1935 693 1995 vallatus
706 1934 841 1994 harenae.

135 2033 203 2092 Non
215 2033 453 2093 iuvatinmedia
465 2052 572 2094 nomen
585 2034 693 2102 habere
705 2032 763 2092 via.
907 2037 944 2091 30

482 2222 557 2262 XVII.

97 2321 127 2382 N
128 2341 195 2395 uno,
210 2341 228 2380 o
241 2321 364 2394 Beoohe,
378 2322 440 2381 tuis
452 2322 579 2381 humiles
592 2320 775 2380 advolvimur
787 2319 863 2378 aris:

138 2420 185 2478 Da
197 2419 272 2478 mihi
284 2423 386 2497 paoato
399 2421 466 2481 vela
480 2420 614 2493 secunda,
629 2422 724 2495 pater.

95 2519 142 2578 Tu.
153 2523 238 2596 potes
250 2519 368 2579 insanae
381 2519 504 2581 Veneris
517 2537 696 2595 compescere
708 2517 811 2591 fastus,

136 2605 337 2696 curammque
348 2621 402 2677 tuo
415 2619 451 2678 fit
463 2617 606 2677 medicina
619 2636 706 2675 mero.

95 2717 152 2774 Per
164 2721 196 2775 te
208 2717 383 2792 iungimtur,
397 2737 450 2793 per
463 2720 494 2777 te
507 2717 663 2775 solvrmtur
675 2718 823 2774 amantes:
926 2719 943 2770 5

137 2814 183 2872 Tu
196 2815 303 2874 vitium
317 2835 355 2874 ex
369 2815 464 2874 auimo
478 2815 567 2887 dilue,
583 2813 706 2884 Baoohe,
721 2833 795 2871 meo.

96 2919 138 2978 Te
152 2938 269 2996 quoque
283 2919 361 2977 euim
373 2937 433 2976 non
446 2937 508 2978 esee
520 2918 623 2977 rudem
635 2919 763 2977 testetur
775 2915 808 2974 in
820 2915 905 2974 astris

135 3017 286 3096 Lynoibus
300 3018 336 3077 ad
350 3017 462 3076 eaelum
475 3019 560 3076 veota
573 3015 704 3074 Ariadna
716 3014 786 3073 tuis.

95 3116 161 3176 Hoo
174 3116 258 3190 mihi,
273 3116 352 3194 quod
364 3119 478 3176 veteres
491 3115 619 3174 custodit
631 3115 664 3172 in
677 3112 790 3172 ossibus
801 3113 893 3188 ignes,

135 3217 253 3277 Funera
266 3219 411 3277 sanabunt
424 3219 477 3275 aut
489 3218 543 3274 tua
555 3215 625 3274 vina
637 3215 756 3273 malum.
909 3217 944 3273 10

99 3317 220 3393 Semper
234 3315 311 3377 enim
325 3335 431 3376 vacuos
444 3334 504 3372 nox
518 3314 612 3373 sobria
624 3316 745 3391 torquet
759 3315 898 3389 amantes,

513 3433 536 3472 n
